@article{vaswani2017attention,
  author  = {Ashish Vaswani and Noam Shazeer and Niki Parmar and Jakob Uszokoreit and Llion Jones and Aidan N. Gomez and ≈Åukasz Kaiser and Illia Polosukhin},
  title   = {Attention is All You Need},
  journal = {Advances in Neural Information Processing Systems},
  volume  = {30},
  year    = {2017}
}

@book{penrose1989road,
  author    = {Roger Penrose},
  title     = {The Road to Reality: A Complete Guide to the Laws of the Universe},
  publisher = {Jonathan Cape},
  address   = {London},
  year      = {1989}
}

@book{hebb1949organization,
  author    = {Donald O. Hebb},
  title     = {The Organization of Behavior: A Neuropsychological Theory},
  publisher = {Wiley},
  address   = {New York},
  year      = {1949}
}

@article{friston2010free,
  author  = {Karl Friston},
  title   = {The Free-Energy Principle: A Unified Brain Theory?},
  journal = {Nature Reviews Neuroscience},
  volume  = {11},
  number  = {2},
  pages   = {127--138},
  year    = {2010}
}

@misc{semantic2025,
  author  = {Flyxion},
  title   = {Semantic Infrastructure: Entropy-Respecting Computation in a Modular Universe},
  year    = {2025},
  month   = {August}
}

@book{lurie2009higher,
  author    = {Jacob Lurie},
  title     = {Higher Topos Theory},
  publisher = {Princeton University Press},
  address   = {Princeton, NJ},
  year      = {2009}
}
