@book{aerts2010,
  author = {Aerts, C. and Christensen-Dalsgaard, J{\o}rgen and Kurtz, D. W.},
  title = {Asteroseismology},
  publisher = {Springer},
  year = {2010}
}

@article{ahmad2002,
  author = {Ahmad, Q. R. and Allen, R. C. and Andersen, T. C. and others},
  title = {Direct Evidence for Neutrino Flavor Transformation from Neutral-Current Interactions in the Sudbury Neutrino Observatory},
  journal = {Physical Review Letters},
  volume = {89},
  number = {1},
  pages = {011301},
  year = {2002}
}

@article{bahcall1972,
  author = {Bahcall, John N. and Sears, Robert L.},
  title = {Solar Neutrinos},
  journal = {The Astrophysical Journal},
  volume = {178},
  number = {1},
  pages = {357--366},
  year = {1972}
}

@article{bellinger2025,
  author = {Bellinger, Earl P. and Caplan, Matthew E.},
  title = {The Sun's Dark Core},
  journal = {The Astrophysical Journal},
  volume = {988},
  number = {2},
  pages = {212},
  year = {2025}
}

@article{bellinger2022,
  author = {Bellinger, Earl P. and Christensen-Dalsgaard, J{\o}rgen},
  title = {Asteroseismic Constraints on the Solar Model},
  journal = {The Astrophysical Journal},
  volume = {934},
  number = {1},
  pages = {90},
  year = {2022}
}

@article{bondi1952,
  author = {Bondi, Hermann},
  title = {On Spherically Symmetrical Accretion},
  journal = {Monthly Notices of the Royal Astronomical Society},
  volume = {112},
  number = {2},
  pages = {195--204},
  year = {1952}
}

@article{buldgen2023,
  author = {Buldgen, Ga{\"e}l and Salmon, S. J. A. J. and Noels, Arlette},
  title = {Revisiting the Solar Abundance Problem},
  journal = {Astronomy and Astrophysics},
  volume = {670},
  pages = {A143},
  year = {2023}
}

@article{christensen-dalsgaard2021,
  author = {Christensen-Dalsgaard, J{\o}rgen},
  title = {Solar Oscillations},
  journal = {Living Reviews in Solar Physics},
  volume = {18},
  number = {1},
  pages = {2},
  year = {2021}
}

@article{christensen-dalsgaard1976,
  author = {Christensen-Dalsgaard, J{\o}rgen and Gough, Douglas O.},
  title = {The Solar 5-Minute Oscillations},
  journal = {Nature},
  volume = {259},
  number = {5540},
  pages = {89--92},
  year = {1976}
}

@article{christensen-dalsgaard1993,
  author = {Christensen-Dalsgaard, J{\o}rgen and Proffitt, Charles R. and Thompson, Michael J.},
  title = {Effects of Diffusion on Solar Models},
  journal = {The Astrophysical Journal},
  volume = {403},
  pages = {L75--L78},
  year = {1993}
}

@article{clemente2025,
  author = {Clemente, F. D. and others},
  title = {Dark Matter in Stellar Interiors},
  journal = {Universe},
  volume = {11},
  number = {1},
  pages = {49},
  year = {2025}
}

@article{eddington1920,
  author = {Eddington, Arthur S.},
  title = {The Internal Constitution of the Stars},
  journal = {The Observatory},
  volume = {43},
  pages = {341--358},
  year = {1920}
}

@article{farag2024,
  author = {Farag, E. and others},
  title = {Primordial Black Holes in Stellar Interiors},
  journal = {Astronomy and Astrophysics},
  volume = {686},
  pages = {A36},
  year = {2024}
}

@article{gamow1938,
  author = {Gamow, George},
  title = {Nuclear Energy Sources and Stellar Evolution},
  journal = {The Astrophysical Journal},
  volume = {87},
  pages = {403--415},
  year = {1938}
}

@article{hawking1971,
  author = {Hawking, Stephen},
  title = {Gravitationally Collapsed Objects of Very Low Mass},
  journal = {Monthly Notices of the Royal Astronomical Society},
  volume = {152},
  number = {1},
  pages = {75--78},
  year = {1971}
}

@article{kunitomo2021,
  author = {Kunitomo, M. and Guillot, Tristan},
  title = {Planetary Core Formation in the Presence of a Dense Core},
  journal = {Astronomy and Astrophysics},
  volume = {654},
  pages = {A133},
  year = {2021}
}

@article{kunitomo2022,
  author = {Kunitomo, M. and others},
  title = {Core Structure and Evolution in Solar-Type Stars},
  journal = {The Astrophysical Journal},
  volume = {928},
  number = {1},
  pages = {78},
  year = {2022}
}

@article{lund2017,
  author = {Lund, Mikkel N. and others},
  title = {Asteroseismic Inferences from Solar-Like Oscillations},
  journal = {The Astrophysical Journal},
  volume = {835},
  number = {2},
  pages = {172},
  year = {2017}
}

@article{markovic1995,
  author = {Markovic, D.},
  title = {Elastic Properties of Neutron Star Crusts},
  journal = {Monthly Notices of the Royal Astronomical Society},
  volume = {277},
  number = {1},
  pages = {25--34},
  year = {1995}
}

@article{opik1938,
  author = {{\"O}pik, Ernst},
  title = {Stellar Structure and Evolution},
  journal = {Harvard College Observatory Circular},
  volume = {422},
  pages = {1--10},
  year = {1938}
}

@article{schwarzschild1946,
  author = {Schwarzschild, Martin},
  title = {On the Theoretical Models of the Sun},
  journal = {The Astrophysical Journal},
  volume = {104},
  pages = {203--215},
  year = {1946}
}

@article{witten1984,
  author = {Witten, Edward},
  title = {Cosmic Separation of Phases},
  journal = {Physical Review D},
  volume = {30},
  number = {2},
  pages = {272--285},
  year = {1984}
}
