@book{norman1988,
  author    = {Donald A. Norman},
  title     = {The Design of Everyday Things},
  year      = {1988},
  publisher = {Basic Books},
  address   = {New York},
  note      = {Foundational text on user-centered design, critiqued for overlooking ecological and social costs like enshittification.}
}

@misc{doctorow2022,
  author    = {Cory Doctorow},
  title     = {The Enshittification of Everything},
  year      = {2022},
  howpublished = {\url{https://doctorow.medium.com/the-enshittification-of-everything-1f8a248d5b8a}},
  note      = {Introduces enshittification, where platforms degrade user experience for profit, central to the critique of app-driven control.}
}

@article{extentia2024,
  author    = {{Extentia}},
  title     = {Unlocking Sustainable UX Design: Key Principles, Components and Importance},
  journal   = {Extentia Blog},
  year      = {2024},
  url       = {https://www.extentia.com/unlocking-sustainable-ux-design-key-principles-components-and-importance/},
  note      = {Emphasizes streamlining digital production to minimize data and energy use, relevant to reducing app-driven waste.}
}

@article{designlab2024,
  author    = {{Designlab}},
  title     = {Sustainable UX Design: Principles and Practices for Eco-Friendly Digital Products},
  journal   = {Designlab Blog},
  year      = {2024},
  url       = {https://designlab.com/blog/sustainable-ux-principles},
  note      = {Outlines principles like efficiency and lifecycle thinking to reduce energy consumption and waste in UX design.}
}

@article{colak2024,
  author    = {Nergis Colak},
  title     = {Sustainable UX Design: Promoting Behavior through Cognitive Biases},
  journal   = {UX Planet},
  year      = {2024},
  url       = {https://uxplanet.org/sustainable-ux-design-promoting-behavior-through-cognitive-biases-08a30b9807e4},
  note      = {Discusses cognitive biases in sustainable UX, emphasizing environmental impacts and eco-friendly design.}
}

@book{prigogine1984,
  author    = {Ilya Prigogine and Isabelle Stengers},
  title     = {Order Out of Chaos},
  year      = {1984},
  publisher = {Bantam},
  address   = {New York},
  note      = {Inspiration for balancing entropy in UX to promote sustainable order and user control.}
}

@book{lewis1942,
  author    = {C. S. Lewis},
  title     = {The Screwtape Letters},
  year      = {1942},
  publisher = {Geoffrey Bles},
  address   = {London},
  note      = {Provides a counterfoil for moral realism through bundled vices, paralleling UX's bundling of features to mask harm.}
}

@article{adobe2021,
  author    = {{Adobe}},
  title     = {UX Design and Sustainability: What You Need to Know},
  journal   = {Adobe Blog},
  year      = {2021},
  url       = {https://blog.adobe.com/en/publish/2021/09/24/sustainable-ux-design-what-is-it-and-how-can-it-benefit-your-organization},
  note      = {Discusses removing digital touchpoints for sustainability and policy implications like eco-labels.}
}

@book{hurvich1981,
  author    = {Leo M. Hurvich},
  title     = {Color Vision},
  year      = {1981},
  publisher = {Sinauer Associates},
  address   = {Sunderland, MA},
  note      = {Explains opponent-process theory, grounding the ecological significance of the fire spectrum in visual perception.}
}

@article{kaufman1949,
  author    = {E. L. Kaufman and M. W. Lord and T. W. Reese and J. Volkmann},
  title     = {The Discrimination of Visual Number},
  journal   = {The American Journal of Psychology},
  volume    = {62},
  number    = {4},
  year      = {1949},
  pages     = {498--525},
  note      = {Establishes subitizing limits, relevant to cognitive overload in UX design.}
}

@book{bregman1990,
  author    = {Albert S. Bregman},
  title     = {Auditory Scene Analysis: The Perceptual Organization of Sound},
  year      = {1990},
  publisher = {MIT Press},
  address   = {Cambridge, MA},
  note      = {Describes auditory stream segregation, informing limits on sound cue processing in UX.}
}

@article{gallace2006,
  author    = {Alberto Gallace and Hong Z. Tan and Charles Spence},
  title     = {The Body Surface as a Communication System: The State of the Art after 50 Years},
  journal   = {Presence: Teleoperators and Virtual Environments},
  volume    = {16},
  number    = {6},
  year      = {2006},
  pages     = {655--676},
  note      = {Details tactile perception limits, relevant to haptic feedback in UX design.}
}

@article{tversky1983,
  author    = {Amos Tversky and Daniel Kahneman},
  title     = {Extensional versus Intuitive Reasoning: The Conjunction Fallacy in Probability Judgment},
  journal   = {Psychological Review},
  volume    = {90},
  number    = {4},
  year      = {1983},
  pages     = {293--315},
  note      = {Introduces the conjunction fallacy, explaining why detailed interfaces feel trustworthy despite lower probability.}
}

@misc{anderson2014,
  author = {Monica Anderson},
  title = {Model-Free Methods},
  year = {2014},
  howpublished = {\url{https://www.quora.com/What-are-Model-Free-Methods-MFMs-and-how-do-they-work}},
  note = {Accessed 2025}
}

@misc{sutton2019,
  author = {Richard S. Sutton},
  title = {The Bitter Lesson},
  year = {2019},
  howpublished = {\url{http://www.incompleteideas.net/IncIdeas/BitterLesson.html}},
  note = {Accessed 2025}
}

@misc{rosa2024,
  author = {Marek Rosa},
  title = {Moral Obligations to AI NPCs and Simulation Hypothesis},
  year = {2024},
  howpublished = {\url{https://blog.marekrosa.org/2024/04/moral-obligations-to-ai-npcs-and/}},
  note = {Accessed 2025}
}

@book{strugatsky1989,
  author = {Arkady Strugatsky and Boris Strugatsky},
  title = {The Doomed City},
  year = {1989},
  publisher = {Chicago Review Press},
  address = {Chicago},
  note = {Originally written in 1972, published in 1989. Allegorical critique of bureaucratic control.}
}

@book{bloom1990,
  author = {Harold Bloom},
  title = {The Book of J},
  year = {1990},
  publisher = {Grove Weidenfeld},
  address = {New York},
  note = {Proposes the J-source of the Hebrew Bible as the work of a singular literary intelligence, relevant to retroactive authorship.}
}

@book{strugatsky1969,
  author = {Arkady Strugatsky and Boris Strugatsky},
  title = {Prisoner of Power (Inhabited Island)},
  year = {1969},
  publisher = {Macmillan},
  address = {New York},
  note = {Allegory for propaganda-saturated authoritarianism.}
}

@book{strugatsky1964,
  author = {Arkady Strugatsky and Boris Strugatsky},
  title = {Hard to Be a God},
  year = {1964},
  publisher = {Chicago Review Press},
  address = {Chicago},
  note = {Metaphor for intellectual suppression under authoritarian rule.}
}

@misc{morris2025,
  author = {Jack Morris},
  title = {There Are No New Ideas in AIâ€¦ Only New Datasets},
  year = {2025},
  howpublished = {\url{https://jackmorris.substack.com/p/there-are-no-new-ideas-in-ai-only-new-datasets}},
  note = {Accessed 2025}
}

@inproceedings{deng2009,
  author = {Jia Deng and Wei Dong and Richard Socher and Li-Jia Li and Kai Li and Li Fei-Fei},
  title = {ImageNet: A Large-Scale Hierarchical Image Database},
  booktitle = {Proc. CVPR},
  year = {2009},
  pages = {248--255},
  doi = {10.1109/CVPR.2009.5206848}
}

@inproceedings{vaswani2017,
  author = {Ashish Vaswani and Noam Shazeer and Niki Parmar and Jakob Uszkoreit and Llion Jones and Aidan N. Gomez and \L ukasz Kaiser and Illia Polosukhin},
  title = {Attention Is All You Need},
  booktitle = {Advances in Neural Information Processing Systems (NeurIPS)},
  year = {2017},
  pages = {5998--6008}
}

@inproceedings{christiano2017,
  author = {Paul F. Christiano and Jan Leike and Tom Brown and Miljan Martic and Shane Legg and Dario Amodei},
  title = {Deep Reinforcement Learning from Human Preferences},
  booktitle = {Advances in Neural Information Processing Systems (NeurIPS)},
  year = {2017},
  pages = {4299--4307}
}

@article{eysenck1941,
  author = {Hans J. Eysenck},
  title = {A Critical and Experimental Study of Colour Preferences},
  journal = {The American Journal of Psychology},
  volume = {54},
  number = {3},
  year = {1941},
  pages = {385--394},
  note = {Early study on color preferences, supporting cultural and psychological bases for fire-spectrum salience.}
}

@article{boynton1987,
  author = {Robert M. Boynton and Conrad X. Olson},
  title = {Locating Basic Colors in the OSA Space},
  journal = {Color Research \& Application},
  volume = {12},
  number = {2},
  year = {1987},
  pages = {94--105},
  note = {Demonstrates convergence on color naming, grounding ecological baselines for UX semiotics.}
}

@book{kress1996,
  author = {Gunther Kress and Theo van Leeuwen},
  title = {Reading Images: The Grammar of Visual Design},
  year = {1996},
  publisher = {Routledge},
  address = {London},
  note = {Analyzes color as a semiotic resource in visual communication, relevant to UX manipulation.}
}

@article{ling2010,
  author = {Yiwen Ling and Marcel A. J. van Gerven},
  title = {Cognitive Load Reduces Discriminability of Relevant Visual Information},
  journal = {Journal of Vision},
  volume = {10},
  number = {7},
  year = {2010},
  pages = {1--15},
  note = {Eye-tracking study showing how color saturation increases cognitive load, reducing recognition accuracy.}
}

@book{kirschenbaum2008,
  author = {Matthew G. Kirschenbaum},
  title = {Mechanisms: New Media and the Forensic Imagination},
  year = {2008},
  publisher = {MIT Press},
  address = {Cambridge, MA},
  note = {Explores cut/copy/paste as epistemic affordances, critical to understanding digital enclosure.}
}

@book{nelson1980,
  author = {Ted Nelson},
  title = {Computer Lib/Dream Machines},
  year = {1980},
  publisher = {Self-published},
  address = {Sausalito, CA},
  note = {Introduces hypertext concepts like transclusion, foundational for open digital navigation.}
}

@book{sellen2001,
  author = {Abigail J. Sellen and Richard H. R. Harper},
  title = {The Myth of the Paperless Office},
  year = {2001},
  publisher = {MIT Press},
  address = {Cambridge, MA},
  note = {Highlights the role of affordances like cut/paste in digital workflows, relevant to autonomy.}
}

@techreport{shift2019,
  author = {{The Shift Project}},
  title = {Lean ICT: Towards Digital Sobriety},
  year = {2019},
  institution = {The Shift Project},
  note = {Report on digital carbon footprints, highlighting streaming's role in emissions.}
}

@misc{iea2022,
  author = {{International Energy Agency}},
  title = {Data Centres and Data Transmission Networks},
  year = {2022},
  howpublished = {\url{https://www.iea.org/reports/data-centres-and-data-transmission-networks}},
  note = {Global data center report, noting streaming's dominance in bandwidth growth.}
}

@misc{brignull2010,
  author = {Harry Brignull},
  title = {Dark Patterns: Deception vs. Honesty in UI Design},
  year = {2010},
  howpublished = {\url{https://darkpatterns.org}},
  note = {Catalog of dark patterns, updated 2022.}
}

@article{mathur2019,
  author = {Arunesh Mathur and Gunes Acar and Michael J. Friedman and Eli Lucherini and Jonathan Mayer and Marshini Chetty and Arvind Narayanan},
  title = {Dark Patterns at Scale: Findings from a Crawl of 11K Shopping Websites},
  journal = {Proceedings of the ACM on Human-Computer Interaction},
  volume = {3},
  number = {CSCW},
  year = {2019},
  pages = {1--32},
  note = {Large-scale web study showing manipulative patterns in e-commerce.}
}

@article{gray2018,
  author = {Colin M. Gray and Yubo Kou and Bryan Battles and Joseph Hoggatt and Austin L. Toombs},
  title = {The Dark (Patterns) Side of UX Design},
  journal = {Proceedings of the 2018 CHI Conference on Human Factors in Computing Systems},
  year = {2018},
  pages = {1--14},
  note = {Analysis of dark patterns in UX.}
}

@misc{morris2025,
  author = {Jack Morris},
  title = {There Are No New Ideas in AIâ€¦ Only New Datasets},
  year = {2025},
  howpublished = {\url{https://jackmorris.substack.com/p/there-are-no-new-ideas-in-ai-only-new-datasets}},
  note = {Accessed 2025}
}

@book{strugatsky1989,
  author = {Arkady Strugatsky and Boris Strugatsky},
  title = {The Doomed City},
  year = {1989},
  publisher = {Chicago Review Press},
  address = {Chicago},
  note = {Originally written in 1972, published in 1989. Allegorical critique of bureaucratic control.}
}

@book{bloom1990,
  author = {Harold Bloom},
  title = {The Book of J},
  year = {1990},
  publisher = {Grove Weidenfeld},
  address = {New York},
  note = {Proposes the J-source of the Hebrew Bible as the work of a singular literary intelligence, relevant to retroactive authorship.}
}

@misc{anderson2006,
  author = {Monica Anderson},
  title = {Model-Free Methods},
  year = {2006},
  note = {Unpublished manuscript and online essays, retrieved 2025},
  url = {https://monicasmind.com/model-free-methods}
}

@misc{anderson2007,
  author = {Monica Anderson},
  title = {Artificial Intuition and Corpus Curation},
  year = {2007},
  note = {Blog posts and public talks on intuition-based AI, retrieved 2025},
  url = {https://monicasmind.com/artificial-intuition}
}

@misc{anderson2010,
  author = {Monica Anderson},
  title = {Epistemology as a Technology: Essays on Model-Free Methods},
  year = {2010},
  note = {Collected writings, retrieved 2025},
  url = {https://monicasmind.com/epistemology}
}

@article{sutton2019,
  author = {Richard S. Sutton},
  title = {The Bitter Lesson},
  journal = {Informatics},
  year = {2019},
  volume = {202},
  note = {Essay available at \url{http://www.incompleteideas.net/IncIdeas/BitterLesson.html}}
}

@book{shannon1948,
  author = {Claude E. Shannon},
  title = {A Mathematical Theory of Communication},
  publisher = {Bell System Technical Journal},
  year = {1948},
  volume = {27},
  pages = {379--423, 623--656},
  doi = {10.1002/j.1538-7305.1948.tb01338.x}
}

@book{kahneman2011,
  author = {Daniel Kahneman},
  title = {Thinking, Fast and Slow},
  year = {2011},
  publisher = {Farrar, Straus and Giroux},
  address = {New York},
  note = {Foundational text on cognitive shortcuts, heuristics, and bounded rationality.}
}

@article{gigerenzer1996,
  author = {Gerd Gigerenzer and Daniel G. Goldstein},
  title = {Reasoning the fast and frugal way: Models of bounded rationality},
  journal = {Psychological Review},
  volume = {103},
  number = {4},
  year = {1996},
  pages = {650--669},
  note = {Sparse heuristic decision models.}
}

@article{asch1951,
  author = {Solomon E. Asch},
  title = {Effects of group pressure upon the modification and distortion of judgments},
  journal = {Groups, Leadership, and Men},
  year = {1951},
  pages = {177--190},
  note = {Classic conformity experiment.}
}

@article{moscovici1980,
  author = {Serge Moscovici},
  title = {Toward a theory of conversion behavior},
  journal = {Advances in Experimental Social Psychology},
  volume = {13},
  year = {1980},
  publisher = {Academic Press},
  note = {Minority influence and contrarian effects.}
}

@article{sunstein1999,
  author = {Cass R. Sunstein},
  title = {The Law of Group Polarization},
  journal = {University of Chicago Law School Working Paper},
  year = {1999},
  note = {Group-driven ideological amplification.}
}

@article{tajfel1979,
  author = {Henri Tajfel and John C. Turner},
  title = {An integrative theory of intergroup conflict},
  journal = {The Social Psychology of Intergroup Relations},
  year = {1979},
  pages = {33--47},
  note = {Social identity theory for tribalist restriction.}
}

@book{haidt2012,
  author = {Jonathan Haidt},
  title = {The Righteous Mind: Why Good People Are Divided by Politics and Religion},
  year = {2012},
  publisher = {Pantheon Books},
  address = {New York},
  note = {Cognitive underpinnings of tribal moral communities.}
}

@article{scheufele2007,
  author = {Dietram A. Scheufele and David Tewksbury},
  title = {Framing, agenda setting, and priming: The evolution of three media effects models},
  journal = {Journal of Communication},
  volume = {57},
  number = {1},
  year = {2007},
  pages = {9--20},
  note = {Media-driven attention cascades.}
}

@article{watts2007,
  author = {Duncan J. Watts and Peter S. Dodds},
  title = {Influentials, networks, and public opinion formation},
  journal = {Journal of Consumer Research},
  volume = {34},
  number = {4},
  year = {2007},
  pages = {441--458},
  note = {Feedback loops in attention and contagion.}
}

@article{lorenz2011,
  author = {Jan Lorenz and Heiko Rauhut and Frank Schweitzer and Dirk Helbing},
  title = {How social influence can undermine the wisdom of crowd effect},
  journal = {PNAS},
  volume = {108},
  number = {22},
  year = {2011},
  pages = {9020--9025},
  note = {Shows paradox of unanimity and conformity failure.}
}

@book{jaynes2003,
  author = {E. T. Jaynes},
  title = {Probability Theory: The Logic of Science},
  year = {2003},
  publisher = {Cambridge University Press},
  address = {Cambridge},
  note = {Formal Bayesian foundation.}
}

@book{amari2016,
  author = {Shun-ichi Amari},
  title = {Information Geometry and Its Applications},
  year = {2016},
  publisher = {Springer},
  note = {Geometric Bayesianism: manifolds, divergences, and learning.}
}

@article{friston2010,
  author = {Karl Friston},
  title = {The free-energy principle: A unified brain theory?},
  journal = {Nature Reviews Neuroscience},
  volume = {11},
  number = {2},
  year = {2010},
  pages = {127--138},
  note = {Bayesian brains under energetic constraints, linking to entropy and RSVP.}
}

@book{prigogine1984,
  author = {Ilya Prigogine and Isabelle Stengers},
  title = {Order Out of Chaos},
  year = {1984},
  publisher = {Bantam Books},
  note = {Dissipative structures, entropy, and complex dynamics.}
}

@article{turok2015,
  author = {Neil Turok},
  title = {A new paradigm for cosmic structure},
  journal = {Nature Physics},
  volume = {11},
  number = {6},
  year = {2015},
  pages = {409--412},
  note = {Constraint relaxation and entropic smoothing analogues.}
}

@book{strugatsky1969,
  author = {Arkady Strugatsky and Boris Strugatsky},
  title = {Prisoner of Power (Inhabited Island)},
  year = {1969},
  publisher = {Macmillan},
  address = {New York},
  note = {Allegory for propaganda-saturated authoritarianism.}
}

@book{strugatsky1964,
  author = {Arkady Strugatsky and Boris Strugatsky},
  title = {Hard to Be a God},
  year = {1964},
  publisher = {Chicago Review Press},
  address = {Chicago},
  note = {Metaphor for intellectual suppression under authoritarian rule.}
}

@misc{morris2025,
  author = {Jack Morris},
  title = {There Are No New Ideas in AIâ€¦ Only New Datasets},
  year = {2025},
  howpublished = {\url{https://jackmorris.substack.com/p/there-are-no-new-ideas-in-ai-only-new-datasets}},
  note = {Accessed 2025}
}
