@book{jaynes1976origin,
  author    = {Julian Jaynes},
  title     = {The Origin of Consciousness in the Breakdown of the Bicameral Mind},
  publisher = {Houghton Mifflin},
  year      = {1976},
  address   = {Boston},
}

@book{McVeigh2018,
  author    = {McVeigh, Brian J.},
  title     = {The 'Other' Psychology of Julian Jaynes: Ancient Languages, Sacred Visions, and Forgotten Mentalities},
  publisher = {Imprint Academic},
  year      = {2018},
  address   = {Exeter},
}

@book{McManus2002,
  author    = {McManus, Chris},
  title     = {Right Hand, Left Hand: The Origins of Asymmetry in Brains, Bodies, Atoms and Cultures},
  publisher = {Harvard University Press},
  year      = {2002},
  address   = {Cambridge, MA},
}

@misc{Barenholtz2025,
  author       = {Barenholtz, Elan},
  title        = {Auto-Autoregression: How the Brain Learns to Write Its Own Next Move},
  year         = {2025},
  howpublished = {\emph{Elan Barenholtz, Ph.D.} Substack},
  note         = {Published September 26, 2025},
  url          = {https://elanbarenholtz.substack.com/p/auto-autoregression}
}

@article{Dawes2024,
  author    = {Dawes, Alex J. and Keogh, Rebecca and Andrillon, Thomas and Pearson, Joel},
  title     = {A Systematic Review of Aphantasia: Concept, Measurement, Neural Basis, and Cognition},
  journal   = {Psychonomic Bulletin \& Review},
  year      = {2024},
  doi       = {10.3758/s13423-024-02552-8}
}

@article{Nedergaard2024,
  author    = {Nedergaard, Johanne S. K. and Lupyan, Gary},
  title     = {Not Everybody Has an Inner Voice: Behavioral Consequences of Anendophasia},
  journal   = {Psychological Science},
  year      = {2024},
  doi       = {10.1177/09567976241243004}
}

@misc{jaynescritiquesgeneral,
  title = {Critiques of Jaynes's Theory: A General Pattern},
  url = {https://www.julianjaynes.org/about/about-jaynes-theory/critiques-of-jaynes-theory-a-general-pattern/},
  year = {2025}
}

@misc{redditjaynescritique,
  title = {Why is Julian Jaynes's 1976 book on Bicameral Mentality largely dismissed by philosophy?},
  url = {https://www.reddit.com/r/askphilosophy/comments/1ddk82u/why_is_julian_jayness_1976_book_on_bicameral/},
  year = {2024}
}

@misc{mediumbicameralmyth,
  author = {Seltzer},
  title = {The Myth of the Bicameral Mind},
  url = {https://medium.com/@seltzer_57387/the-myth-of-the-bicameral-mind-2876462315dd},
  year = {2022}
}

@misc{jaynesquestionscritics,
  title = {Ten Questions Critics Fail to Answer About Julian Jaynes's Theory},
  url = {https://www.julianjaynes.org/2019/10/28/ten-questions-critics-fail-to-answer-about-julian-jayness-theory/},
  year = {2019}
}

@article{pmcbicameral,
  author = {{Frontiers in Psychology}},
  title = {They Were Noble Automatons Who Knew Not What They Did: Volition in Jaynes' The Origin of Consciousness in the Breakdown of the Bicameral Mind},
  journal = {Frontiers in Psychology},
  year = {2021},
  doi = {10.3389/fpsyg.2021.756665}
}

@misc{slatestarcodexjaynes,
  author = {Alexander, Scott},
  title = {Book Review: Origin of Consciousness in the Breakdown of the Bicameral Mind},
  url = {https://slatestarcodex.com/2020/06/01/book-review-origin-of-consciousness-in-the-breakdown-of-the-bicameral-mind/},
  year = {2020}
}

@misc{quorajaynes,
  title = {Julian Jaynes theories are fascinating. If you are familiar, what do you think?},
  url = {https://www.quora.com/Julian-Jaynes-theories-are-fascinating-If-you-are-familiar-what-do-you-think},
  year = {2023}
}

@misc{researchgatejaynescritiques,
  title = {Julian Jaynes's Theory: Critiques \& Responses},
  url = {https://www.researchgate.net/publication/352549959_Julian_Jaynes%27s_Theory_Critiques_Responses},
  year = {2021}
}

@misc{hackernewsbicameral,
  title = {The “bicameral mind” 30 years on: A reappraisal of Jaynes' hypothesis},
  url = {https://news.ycombinator.com/item?id=18521482},
  year = {2018}
}

@misc{mediumautoregression,
  author = {Gosal, Darwin},
  title = {You're Not Remembering — You're Generating: The Autoregression Theory of Cognition},
  url = {https://medium.com/@darwingosal/youre-not-remembering-you-re-generating-the-autoregression-theory-of-cognition-84f0e3cfbdfb},
  year = {2025}
}

@misc{parisbrainaphantasia,
  title = {Aphantasia Might Be Linked to Alterations in Brain Connectivity},
  url = {https://parisbraininstitute.org/news/aphantasia-might-be-linked-alterations-brain-connectivity},
  year = {2025}
}

@misc{exeteraphantasia,
  title = {A decade of aphantasia research: what we've learned about people who can't visualise},
  url = {https://news.exeter.ac.uk/faculty-of-health-and-life-sciences/a-decade-of-aphantasia-research-what-weve-learned-about-people-who-cant-visualise/},
  year = {2024}
}

@misc{psypostanendophasia,
  title = {Anendophasia: Scientists uncover the weird cognitive impact of life without an inner voice},
  url = {https://www.psypost.org/anendophasia-scientists-examine-the-cognitive-impact-of-life-without-an-inner-voice/},
  year = {2024}
}

@misc{neurosciencenewsanendophasia,
  title = {Inside the Quiet Mind: The Absence of Inner Speech},
  url = {https://neurosciencenews.com/anendophasia-inner-speech-26087/},
  year = {2024}
}

@misc{xpostbicameral1,
  author = {Knockin סוס-Baal},
  title = {Julian Jaynes' Bicameral Mind book discussion},
  url = {https://x.com/picklehomer/status/1970326343322873930},
  year = {2025}
}

@misc{xpostbicameral2,
  author = {Julian Jaynes Society},
  title = {Chinese translation of Jaynes's book},
  url = {https://x.com/JulianJaynesSoc/status/1970615504961446320},
  year = {2025}
}
@misc{barenholtz2025autoregressive,
  author       = {Barenholtz, Elan},
  title        = {Auto-Autoregression: How the Brain Learns to Write Its Own Next Move},
  year         = {2025},
  howpublished = {Substack},
  note         = {Published September 26, 2025},
  url          = {https://elanbarenholtz.substack.com/p/auto-autoregression}
}

@misc{barenholtzautogeneration,
  author       = {Barenholtz, Elan},
  title        = {Memory as Generative Influence, not Retrieval},
  year         = {2025},
  howpublished = {YouTube},
  url          = {https://www.youtube.com/watch?v=OftXY62-6HU}
}

@article{paulun2023thingsstuff,
  author  = {Paulun, Vivian C. and Pramod, R. T. and Kanwisher, Nancy},
  title   = {"Things" versus "Stuff" in the Brain},
  journal = {Journal of Vision},
  year    = {2023},
  volume  = {23},
  number  = {9},
  pages   = {5096},
  doi     = {10.1167/jov.23.9.5096}
}
