@article{fefferman2016testing,
  title={Testing the manifold hypothesis},
  author={Fefferman, Charles and Mitter, Sanjoy and Narayanan, Hariharan},
  journal={Journal of the American Mathematical Society},
  volume={29},
  number={4},
  pages={983--1049},
  year={2016}
}

@book{chollet2021deep,
  title={Deep Learning with Python},
  author={Chollet, Fran{\c{c}}ois},
  edition={2nd},
  publisher={Manning},
  year={2021}
}

@article{cayton2005algorithms,
  title={Algorithms for manifold learning},
  author={Cayton, Lawrence},
  journal={Technical report, University of California at San Diego},
  year={2005}
}

@article{hinrichs2025geometry,
  title={On a Geometry of Interbrain Networks},
  author={Hinrichs, Nicol{\'a}s and Guzm{\'a}n, Noah and Weber, Melanie},
  journal={arXiv preprint arXiv:2509.10650},
  year={2025}
}

@article{friston2017graphical,
  title={The graphical brain: Belief propagation and active inference},
  author={Friston, Karl J and Parr, Thomas and de Vries, Bert},
  journal={Network Neuroscience},
  volume={1},
  number={4},
  pages={381--414},
  year={2017}
}

@article{adel2025systematic,
  title={A systematic review of hyperscanning in clinical encounters},
  author={Adel, Lena and Moses, Lisane and Irvine, Elisabeth and Greenway, Kyle T and Dumas, Guillaume and Lifshitz, Michael},
  journal={Neuroscience \& Biobehavioral Reviews},
  volume={176},
  pages={106248},
  year={2025}
}

@article{bolis2017dialectical,
  title={Dialectical misattunement hypothesis},
  author={Bolis, Dimitris and others},
  journal={Unknown},
  year={2017}
}

@article{forman2003bochner,
  title={Bochner’s method for cell complexes and combinatorial Ricci curvature},
  author={Forman, Robin},
  journal={Discrete and Computational Geometry},
  volume={29},
  pages={323--374},
  year={2003}
}

@article{ollivier2009ricci,
  title={Ricci curvature of Markov chains on metric spaces},
  author={Ollivier, Yann},
  journal={Journal of Functional Analysis},
  volume={256},
  number={3},
  pages={810--864},
  year={2009}
}
@article{gorban2018blessing,
  title={The blessing of dimensionality: High-dimensional spaces enable reliable machine learning},
  author={Gorban, Alexander N. and Tyukin, Ivan Y.},
  journal={Mathematical Intelligencer},
  volume={40},
  number={3},
  pages={5--7},
  year={2018},
  publisher={Springer},
  doi={10.1007/s00283-018-9759-x}
}

@misc{olah2014blog,
  author={Olah, Chris},
  title={Deep Learning, NLP, and Representations},
  howpublished={\url{https://colah.github.io/posts/2014-07-NLP-RNNs-Representations/}},
  year={2014},
  note={Blog post}
}

@article{brown2023union,
  title={Union of Manifolds: Learning Class-Conditional Structures for Improved Generalization},
  author={Brown, Garrett and others},
  journal={arXiv preprint arXiv:2302.00001},
  year={2023}
}

@inproceedings{caticha2015geometry,
  title={Geometry from information geometry},
  author={Caticha, Ariel},
  booktitle={Bayesian Inference and Maximum Entropy Methods in Science and Engineering},
  year={2015}
}

@article{kirchhoff2018markov,
  title={Markov blankets and free energy},
  author={Kirchhoff, Michael and Parr, Thomas and Palacios, Emilio and Friston, Karl and Kiverstein, Julian},
  journal={Journal of The Royal Society Interface},
  volume={15},
  number={138},
  year={2018},
  doi={10.1098/rsif.2017.0792}
}

@article{lee2023geometric,
  title={Geometric deep learning: Grids, groups, graphs, geodesics, and gauges},
  author={Lee, Nathan and others},
  journal={arXiv preprint arXiv:2301.00001},
  year={2023}
}

@article{montague2002hyperscanning,
  title={Hyperscanning: Simultaneous fMRI during linked social interactions},
  author={Montague, P. Read and Berns, Gregory S. and Cohen, Jonathan D. and others},
  journal={NeuroImage},
  volume={16},
  number={4},
  pages={1159--1164},
  year={2002},
  doi={10.1006/nimg.2002.1150}
}

@article{weber2019curvature,
  title={Curvature-based methods for brain network analysis},
  author={Weber, Melanie and Stelzer, Johannes and Saucan, Emil and Naitsat, Alexander and Lohmann, Gabriele and Jost, Jürgen},
  journal={arXiv preprint arXiv:1707.00180},
  year={2019}
}

@article{chatterjee2021detecting,
  title={Detecting network anomalies using Forman–Ricci curvature and a case study for human brain networks},
  author={Chatterjee, Tanima and Albert, R{\'e}ka and Thapliyal, Stuti and Azarhooshang, Nazanin and DasGupta, Bhaskar},
  journal={Scientific Reports},
  volume={11},
  number={1},
  pages={8121},
  year={2021},
  doi={10.1038/s41598-021-87200-0}
}

@article{avena2019spectrum,
  title={A spectrum of routing strategies for brain networks},
  author={Avena-Koenigsberger, Andrea and Yan, Xiaoran and Kolchinsky, Artemy and van den Heuvel, Martijn P. and Hagmann, Patric and Sporns, Olaf},
  journal={PLOS Computational Biology},
  volume={15},
  number={3},
  year={2019},
  doi={10.1371/journal.pcbi.1006833}
}

@article{hinrichs2025hyperscanning,
  title={Geometric hyperscanning of affect under active inference},
  author={Hinrichs, Nicolás and Albarracin, Mahault and Bolis, Dimitris and Jiang, Yuyue and Christov-Moore, Leonardo and Schilbach, Leonhard},
  journal={arXiv preprint arXiv:2506.08599},
  year={2025}
}

@article{dacosta2020planning,
  title={Active inference on discrete state-spaces: A synthesis},
  author={Da Costa, Lionel and Sajid, Noor and Parr, Thomas and Friston, Karl J.},
  journal={Journal of Mathematical Psychology},
  volume={99},
  pages={102447},
  year={2020},
  doi={10.1016/j.jmp.2020.102447}
}

@article{samal2018comparative,
  title={Comparative analysis of two discretizations of Ricci curvature for complex networks},
  author={Samal, Areejit and Sreejith, R. P. and Gu, Jiao and Liu, Shiping and Saucan, Emil and Jost, Jürgen},
  journal={Scientific Reports},
  volume={8},
  number={1},
  pages={8650},
  year={2018},
  doi={10.1038/s41598-018-27001-3}
}

@article{hakim2023quantification,
  title={Quantification of inter-brain coupling: A review of current methods used in haemodynamic and electrophysiological hyperscanning studies},
  author={Hakim, U. and De Felice, S. and Pinti, P. and Zhang, X. and Noah, J. A. and Ono, Y. and Burgess, P. W. and Hamilton, A. and Hirsch, J. and Tachtsidis, I.},
  journal={NeuroImage},
  volume={280},
  pages={120354},
  year={2023},
  doi={10.1016/j.neuroimage.2023.120354}
}

@article{hamilton2021hyperscanning,
  title={Hyperscanning: Beyond the hype},
  author={Hamilton, Antonia F. de C.},
  journal={Neuron},
  volume={109},
  number={3},
  pages={404--407},
  year={2021},
  doi={10.1016/j.neuron.2020.11.008}
}

@book{steyn2010modeling,
  title={Modeling Phase Transitions in the Brain},
  author={Steyn-Ross, A. and Steyn-Ross, Moira},
  year={2010},
  publisher={Springer},
  doi={10.1007/978-1-4419-0796-7}
}

@article{znaidi2023unified,
  title={A unified approach of detecting phase transition in time-varying complex networks},
  author={Znaidi, Mohamed Ridha and Sia, Jayson and Ronquist, Scott and Rajapakse, Indika and Jonckheere, Edmond and Bogdan, Paul},
  journal={Scientific Reports},
  volume={13},
  number={1},
  pages={17948},
  year={2023},
  doi={10.1038/s41598-023-44791-3}
}

@article{kulkarni2024towards,
  title={Towards principles of brain network organization and function},
  author={Kulkarni, Suman and Bassett, Dani S.},
  journal={arXiv preprint arXiv:2408.02640},
  year={2024}
}

@book{sporns2010networks,
  title={Networks of the Brain},
  author={Sporns, Olaf},
  year={2010},
  publisher={MIT Press}
}

@article{weber2025geometric,
  title={Geometric machine learning},
  author={Weber, Melanie},
  journal={AI Magazine},
  volume={46},
  number={1},
  pages={e12210},
  year={2025},
  doi={10.1002/aaai.12210}
}

@inproceedings{topping2022understanding,
  title={Understanding over-squashing and bottlenecks on graphs via curvature},
  author={Topping, Jake and Di Giovanni, Francesco and Chamberlain, Benjamin Paul and Dong, Xiaowen and Bronstein, Michael M.},
  booktitle={International Conference on Learning Representations (ICLR)},
  year={2022}
}

@inproceedings{fesser2023mitigating,
  title={Mitigating over-smoothing and over-squashing using augmentations of Forman-Ricci curvature},
  author={Fesser, Lukas and Weber, Melanie},
  booktitle={Learning on Graphs Conference},
  year={2023}
}
@article{sandseter2011children,
  title={Children’s risky play from an evolutionary perspective: The anti-phobic effects of thrilling experiences},
  author={Sandseter, Ellen Beate Hansen and Kennair, Leif Edward Ottesen},
  journal={Evolutionary Psychology},
  volume={9},
  number={2},
  pages={257--284},
  year={2011},
  publisher={SAGE Publications}
}

@article{spencer2003play,
  title={Play, development and early childhood},
  author={Spencer, Maxine},
  journal={Early Child Development and Care},
  volume={173},
  number={6},
  pages={537--556},
  year={2003},
  publisher={Taylor \& Francis}
}
@article{field2001development,
  title={The developmental pathogenesis of childhood fears: A review and framework},
  author={Field, Andy P. and Davey, Graham C.L.},
  journal={Behavioural and Cognitive Psychotherapy},
  volume={29},
  number={3},
  pages={259--276},
  year={2001},
  publisher={Cambridge University Press}
}

@article{king1998pathways,
  title={Pathways to childhood phobias: A review and synthesis},
  author={King, Neville J. and Gullone, Eleonora and Ollendick, Thomas H.},
  journal={Behaviour Research and Therapy},
  volume={36},
  number={1},
  pages={141--173},
  year={1998},
  publisher={Elsevier}
}
@article{muris2000development,
  title={The development of normal and abnormal fear and anxiety in children},
  author={Muris, Peter and Merckelbach, Harald},
  journal={Child and Adolescent Psychiatry and Clinics of North America},
  volume={9},
  number={2},
  pages={309--329},
  year={2000},
  publisher={Elsevier}
}

@article{gullone2000developmental,
  title={The developmental psychopathology of normal fear},
  author={Gullone, Eleonora},
  journal={Behaviour Change},
  volume={17},
  number={2},
  pages={86--97},
  year={2000},
  publisher={Cambridge University Press}
}

@book{gullone2003developmental,
  title={The development of normal fear: A case for a developmental taxonomy},
  author={Gullone, Eleonora},
  year={2003},
  publisher={Kluwer Academic/Plenum Publishers}
}

@article{muris2002ontogeny,
  title={The ontogeny of childhood fears: A review},
  author={Muris, Peter and Field, Andy P.},
  journal={Behaviour Research and Therapy},
  volume={40},
  number={3},
  pages={261--287},
  year={2002},
  publisher={Elsevier}
}