@misc{endres2025,
  author = {Endres, R. G.},
  title = {The unreasonable likelihood of being: Origin of life, terraforming, and AI},
  year = {2025},
  howpublished = {\url{https://arxiv.org/abs/2507.18545}},
  note = {[q-bio.PE]}
}

@book{hazen2013,
  author = {Hazen, R. M.},
  title = {Genesis: The Scientific Quest for Life’s Origin},
  publisher = {Joseph Henry Press},
  year = {2013}
}

@article{england2013,
  author = {England, J. L.},
  title = {Statistical physics of self-replication},
  journal = {Journal of Chemical Physics},
  volume = {139},
  number = {12},
  pages = {121923},
  year = {2013}
}

@article{walker2017,
  author = {Walker, S. I. and Kim, H. J. and Davies, P. C. W.},
  title = {The informational architecture of life},
  journal = {Philosophical Transactions of the Royal Society A},
  volume = {375},
  number = {2109},
  pages = {20160344},
  year = {2017}
}

@article{crick1973,
  author = {Crick, F. and Orgel, L. E.},
  title = {Directed panspermia},
  journal = {Icarus},
  volume = {19},
  pages = {341--346},
  year = {1973}
}

@article{miller1959,
  author = {Miller, S. L. and Urey, H. C.},
  title = {Organic compound synthesis on the primitive Earth},
  journal = {Science},
  volume = {130},
  number = {3370},
  pages = {245--251},
  year = {1959}
}

@article{hazen2001,
  author = {Hazen, R. M. and Filley, T. R. and Goodfriend, G. A.},
  title = {Selectivity in prebiotic organic chemistry on mineral surfaces},
  journal = {Philosophical Transactions of the Royal Society A},
  volume = {359},
  pages = {167--183},
  year = {2001}
}

@book{kauffman1993,
  author = {Kauffman, S. A.},
  title = {The Origins of Order: Self-Organization and Selection in Evolution},
  publisher = {Oxford University Press},
  year = {1993}
}

@article{turing1952,
  author = {Turing, A. M.},
  title = {The chemical basis of morphogenesis},
  journal = {Philosophical Transactions of the Royal Society B},
  volume = {237},
  number = {641},
  pages = {37--72},
  year = {1952}
}

@book{prigogine1984,
  author = {Prigogine, I. and Stengers, I.},
  title = {Order Out of Chaos: Man’s New Dialogue with Nature},
  publisher = {Bantam Books},
  year = {1984}
}

@article{hazen2010,
  author = {Hazen, R. M. and Sverjensky, D. A.},
  title = {Mineral surfaces, geochemical complexity, and the origins of life},
  journal = {Cold Spring Harbor Perspectives in Biology},
  volume = {2},
  number = {5},
  pages = {a002162},
  year = {2010}
}

@article{robertson2012,
  author = {Robertson, M. P. and Joyce, G. F.},
  title = {The origins of the RNA world},
  journal = {Cold Spring Harbor Perspectives in Biology},
  volume = {4},
  number = {5},
  pages = {a003608},
  year = {2012}
}

@article{rosing1999,
  author = {Rosing, M. T.},
  title = {13C-depleted carbon in >3.8-Gyr-old sedimentary rocks from Greenland: Evidence of early life},
  journal = {Science},
  volume = {283},
  number = {5402},
  pages = {674--676},
  year = {1999}
}

@article{mojzsis1996,
  author = {Mojzsis, S. J. and others},
  title = {Evidence for life on Earth before 3,800 million years ago},
  journal = {Nature},
  volume = {384},
  pages = {55--59},
  year = {1996}
}

@article{hazen2008,
  author = {Hazen, R. M. and others},
  title = {Mineral evolution},
  journal = {American Mineralogist},
  volume = {93},
  number = {11-12},
  pages = {1693--1720},
  year = {2008}
}

@article{england2015,
  author = {England, J. L.},
  title = {Dissipative adaptation in driven self-assembly},
  journal = {Nature Nanotechnology},
  volume = {10},
  pages = {919--923},
  year = {2015}
}

@article{walker2017b,
  author = {Walker, S. I.},
  title = {Origins of life: A problem for physics, a problem for information},
  journal = {Philosophical Transactions of the Royal Society A},
  volume = {375},
  pages = {20160347},
  year = {2017}
}

@article{berthier2011,
  author = {Berthier, L. and Biroli, G.},
  title = {Theoretical perspective on the glass transition and amorphous materials},
  journal = {Reviews of Modern Physics},
  volume = {83},
  pages = {587--645},
  year = {2011}
}

@article{adam2012,
  author = {Adam, Z. and Hazen, R. M.},
  title = {Catalytic surfaces and the origin of metabolic cycles},
  journal = {Astrobiology},
  volume = {12},
  number = {10},
  pages = {987--998},
  year = {2012}
}

@article{sutherland2016,
  author = {Sutherland, J. D.},
  title = {The origin of life—Out of the blue},
  journal = {Angewandte Chemie International Edition},
  volume = {55},
  pages = {104--121},
  year = {2016}
}

@article{peng2022,
  author = {Peng, Z. and others},
  title = {The hierarchical organization of autocatalytic reaction networks},
  journal = {PLOS Computational Biology},
  volume = {18},
  number = {7},
  pages = {e1010498},
  year = {2022},
  doi = {10.1371/journal.pcbi.1010498}
}

@article{mast2024,
  author = {Mast, C. B.},
  title = {Heat-flow-driven nonequilibria for prebiotic chemistry},
  journal = {Systems Chemistry},
  volume = {2024},
  pages = {202400039},
  year = {2024},
  doi = {10.1002/syst.202400039}
}

@article{plum2025,
  author = {Plum, A. M. and others},
  title = {Spatial structure supports diversity in prebiotic autocatalytic ecosystems},
  journal = {Nature Chemistry},
  volume = {7},
  pages = {1--8},
  year = {2025},
  doi = {10.1038/s44260-025-00045-z}
}

@article{barge2022,
  author = {Barge, L. M. and Price, R. H.},
  title = {Diverse geochemical conditions for prebiotic chemistry in shallow-sea alkaline hydrothermal vents},
  journal = {Nature Geoscience},
  volume = {15},
  pages = {1--7},
  year = {2022},
  doi = {10.1038/s41561-022-00931-4}
}

@article{gan2024,
  author = {Gan, D. W. and others},
  title = {Discharge plasma for prebiotic chemistry: Pathways to life's origins},
  journal = {Earth and Planetary Physics},
  volume = {8},
  number = {1},
  pages = {66--80},
  year = {2024},
  doi = {10.26464/epp2024066}
}

@misc{peng2020,
  author = {Peng, Z. and others},
  title = {An ecological framework for the analysis of prebiotic chemical reaction networks and their dynamical behavior},
  year = {2020},
  howpublished = {\url{https://arxiv.org/abs/2001.02533}}
}

@misc{sokolskyi2024,
  author = {Sokolskyi, T. and others},
  title = {Autocatalysis and heritability in prebiotically plausible chemical systems},
  year = {2024},
  howpublished = {\url{https://doi.org/10.1101/2024.08.03.606486}},
  note = {bioRxiv}
}

@article{bao2022,
  author = {Bao, P. and others},
  title = {A thermodynamic chemical reaction network drove the origin of life},
  journal = {Earth and Planetary Science Letters},
  volume = {582},
  pages = {117417},
  year = {2022},
  doi = {10.1016/j.epsl.2021.117417}
}

@misc{kocher2023,
  author = {Kocher, C. D. and Dill, K. A.},
  title = {The prebiotic emergence of biological evolution},
  year = {2023},
  howpublished = {\url{https://arxiv.org/abs/2311.13650}}
}

@article{segre2000,
  author = {Segré, D. and Ben-Eli, D. and Lancet, D.},
  title = {Compositional genomes: Prebiotic information transfer in mutually catalytic noncovalent assemblies},
  journal = {Proceedings of the National Academy of Sciences},
  volume = {97},
  number = {8},
  pages = {4112--4117},
  year = {2000},
  doi = {10.1073/pnas.97.8.4112}
}

@inproceedings{virgo2013,
  author = {Virgo, N. and others},
  title = {Autocatalysis before enzymes: The emergence of prebiotic catalytic cycles},
  booktitle = {Proceedings of the European Conference on Artificial Life},
  pages = {240--247},
  year = {2013},
  publisher = {MIT Press}
}

@phdthesis{matreux2024,
  author = {Matreux, T.},
  title = {Geothermal microfluidic systems foster prebiotic chemistry},
  school = {Ludwig Maximilian University of Munich},
  year = {2024},
  howpublished = {\url{https://edoc.ub.uni-muenchen.de/34017/1/Matreux_Thomas.pdf}}
}

@misc{ball2014,
  author = {Ball, R. and Brindley, J.},
  title = {Hydrogen peroxide thermochemical oscillator as driver for primordial RNA replication},
  year = {2014},
  howpublished = {\url{https://arxiv.org/abs/1402.3875}}
}

@article{mayer2021,
  author = {Mayer, R. J. and others},
  title = {Mechanistic insight into metal ion-catalyzed transamination},
  journal = {Journal of the American Chemical Society},
  volume = {143},
  number = {45},
  pages = {19010--19017},
  year = {2021},
  doi = {10.1021/jacs.1c08468}
}

@article{moran2022,
  author = {Moran, J. and Rauscher, S. A.},
  title = {Quantifying reductive amination in nonenzymatic amino acid synthesis},
  journal = {Angewandte Chemie International Edition},
  volume = {61},
  number = {47},
  pages = {e202213586},
  year = {2022},
  doi = {10.1002/anie.202213586}
}

@article{stubbs2020,
  author = {Stubbs, R. T. and others},
  title = {A plausible metal-free ancestral analogue of the Krebs cycle composed entirely of α-ketoacids},
  journal = {Nature Chemistry},
  volume = {12},
  number = {4},
  pages = {335--340},
  year = {2020},
  doi = {10.1038/s41557-020-00499-4}
}

@article{mayer2022,
  author = {Mayer, R. J. and Moran, J.},
  title = {Mechanistic insight into metal ion-catalyzed transamination},
  journal = {Journal of the American Chemical Society},
  volume = {144},
  number = {3},
  pages = {1223--1231},
  year = {2022},
  doi = {10.1021/jacs.1c08468}
}

@article{muchowska2017,
  author = {Muchowska, K. B. and others},
  title = {Metals promote sequences of the reverse Krebs cycle},
  journal = {Nature Ecology \& Evolution},
  volume = {1},
  pages = {1716--1721},
  year = {2017},
  doi = {10.1038/s41559-017-0315-2}
}

@article{barge2022b,
  author = {Barge, L. M. and Price, R. H.},
  title = {Diverse geochemical conditions for prebiotic chemistry in shallow-sea alkaline hydrothermal vents},
  journal = {Nature Geoscience},
  volume = {15},
  pages = {1--7},
  year = {2022},
  doi = {10.1038/s41561-022-00931-4}
}

@article{gan2024b,
  author = {Gan, D. W. and others},
  title = {Discharge plasma for prebiotic chemistry: Pathways to life's origins},
  journal = {Earth and Planetary Physics},
  volume = {8},
  number = {1},
  pages = {66--80},
  year = {2024},
  doi = {10.26464/epp2024066}
}
