@book{Barbour1999,
  author = {Barbour, Julian},
  title = {The End of Time: The Next Revolution in Physics},
  year = {1999},
  publisher = {Oxford University Press},
  address = {Oxford}
}

@article{Barbour1994,
  author = {Barbour, Julian and Bertotti, Bruno},
  title = {Mach's Principle and the Structure of Dynamical Theories},
  journal = {Proceedings of the Royal Society of London. Series A: Mathematical and Physical Sciences},
  volume = {382},
  number = {1783},
  pages = {295--306},
  year = {1994},
  publisher = {Royal Society}
}

@article{Barbour2014,
  author = {Barbour, Julian and Koslowski, Tim and Mercati, Flavio},
  title = {The Solution to the Problem of Time in Shape Dynamics},
  journal = {Classical and Quantum Gravity},
  volume = {31},
  number = {15},
  pages = {155001},
  year = {2014},
  publisher = {IOP Publishing}
}

@book{Rovelli2004,
  author = {Rovelli, Carlo},
  title = {Quantum Gravity},
  year = {2004},
  publisher = {Cambridge University Press},
  address = {Cambridge}
}

@book{Penrose1989,
  author = {Penrose, Roger},
  title = {The Emperor's New Mind: Concerning Computers, Minds, and the Laws of Physics},
  year = {1989},
  publisher = {Oxford University Press},
  address = {Oxford}
}

@book{Newton1687,
  author = {Newton, Isaac},
  title = {Mathematical Principles of Natural Philosophy},
  year = {1687},
  publisher = {Royal Society},
  address = {London}
}

@book{Leibniz1715,
  author = {Leibniz, Gottfried Wilhelm},
  title = {The Monadology},
  year = {1715},
  publisher = {Hackett Publishing},
  address = {Indianapolis},
  pages = {213--225}
}

@article{Einstein1915,
  author = {Einstein, Albert},
  title = {The Field Equations of Gravitation},
  journal = {Sitzungsberichte der Preussischen Akademie der Wissenschaften},
  pages = {844--847},
  year = {1915}
}