@article{vaswani2017attention,
  author  = {Ashish Vaswani and Noam Shazeer and Niki Parmar and Jakob Uszokoreit and Llion Jones and Aidan N. Gomez and ≈Åukasz Kaiser and Illia Polosukhin},
  title   = {Attention is All You Need},
  journal = {Advances in Neural Information Processing Systems},
  volume  = {30},
  year    = {2017}
}

@book{penrose1989road,
  author    = {Roger Penrose},
  title     = {The Road to Reality: A Complete Guide to the Laws of the Universe},
  publisher = {Jonathan Cape},
  address   = {London},
  year      = {1989}
}

@book{hebb1949organization,
  author    = {Donald O. Hebb},
  title     = {The Organization of Behavior: A Neuropsychological Theory},
  publisher = {Wiley},
  address   = {New York},
  year      = {1949}
}

@article{friston2010free,
  author  = {Karl Friston},
  title   = {The Free-Energy Principle: A Unified Brain Theory?},
  journal = {Nature Reviews Neuroscience},
  volume  = {11},
  number  = {2},
  pages   = {127--138},
  year    = {2010}
}

@misc{semantic2025,
  author  = {Flyxion},
  title   = {Semantic Infrastructure: Entropy-Respecting Computation in a Modular Universe},
  year    = {2025},
  month   = {August}
}

@book{lurie2009higher,
  author    = {Jacob Lurie},
  title     = {Higher Topos Theory},
  publisher = {Princeton University Press},
  address   = {Princeton, NJ},
  year      = {2009}
}

@article{mcclelland1995why,
  author  = {James L. McClelland and Bruce L. McNaughton and Randall C. O'Reilly},
  title   = {Why There Are Complementary Learning Systems in the Hippocampus and Neocortex: Insights from the Successes and Failures of Connectionist Models of Learning and Memory},
  journal = {Psychological Review},
  volume  = {102},
  number  = {3},
  pages   = {419--457},
  year    = {1995}
}

@article{hassabis2007patients,
  author  = {Demis Hassabis and Eleanor A. Maguire},
  title   = {Patients with Hippocampal Amnesia Cannot Imagine New Experiences},
  journal = {Proceedings of the National Academy of Sciences},
  volume  = {104},
  number  = {5},
  pages   = {1726--1731},
  year    = {2007}
}

@article{stickgold2005sleep,
  author  = {Robert Stickgold and Matthew P. Walker},
  title   = {Sleep and Memory: The Ongoing Debate},
  journal = {Sleep},
  volume  = {28},
  number  = {10},
  pages   = {1225--1227},
  year    = {2005}
}

@article{hopfield1982neural,
  author  = {John J. Hopfield},
  title   = {Neural Networks and Physical Systems with Emergent Collective Computational Abilities},
  journal = {Proceedings of the National Academy of Sciences},
  volume  = {79},
  number  = {8},
  pages   = {2554--2558},
  year    = {1982}
}

@book{amari1977dynamics,
  author    = {Shun-ichi Amari},
  title     = {Dynamics of Pattern Formation in Lateral-Inhibition Type Neural Fields},
  publisher = {Springer},
  address   = {Berlin},
  year      = {1977}
}

@book{sutton2018reinforcement,
  author    = {Richard S. Sutton and Andrew G. Barto},
  title     = {Reinforcement Learning: An Introduction},
  publisher = {MIT Press},
  address   = {Cambridge, MA},
  year      = {2018}
}

@misc{kuijper2021geometric,
  author  = {Wouter Kuijper},
  title   = {Geometric Memory Management},
  year    = {2021},
  howpublished = {arXiv:1512.09358v3 [cs.DS]},
  note = {Draft Version, March 14}
}

@book{weinberg2008cosmology,
  author    = {Steven Weinberg},
  title     = {Cosmology},
  publisher = {Oxford University Press},
  address   = {Oxford},
  year      = {2008}
}
