@book{norman1988,
  author    = {Donald A. Norman},
  title     = {The Design of Everyday Things},
  year      = {1988},
  publisher = {Basic Books},
  address   = {New York},
  note      = {Foundational text on user-centered design, critiqued for overlooking ecological and social costs like enshittification.}
}

@misc{doctorow2022,
  author    = {Cory Doctorow},
  title     = {The Enshittification of Everything},
  year      = {2022},
  howpublished = {\url{https://doctorow.medium.com/the-enshittification-of-everything-1f8a248d5b8a}},
  note      = {Introduces enshittification, where platforms degrade user experience for profit, central to the critique of app-driven control.}
}

@article{extentia2024,
  author    = {{Extentia}},
  title     = {Unlocking Sustainable UX Design: Key Principles, Components and Importance},
  journal   = {Extentia Blog},
  year      = {2024},
  url       = {https://www.extentia.com/unlocking-sustainable-ux-design-key-principles-components-and-importance/},
  note      = {Emphasizes streamlining digital production to minimize data and energy use, relevant to reducing app-driven waste.}
}

@article{designlab2024,
  author    = {{Designlab}},
  title     = {Sustainable UX Design: Principles and Practices for Eco-Friendly Digital Products},
  journal   = {Designlab Blog},
  year      = {2024},
  url       = {https://designlab.com/blog/sustainable-ux-principles},
  note      = {Outlines principles like efficiency and lifecycle thinking to reduce energy consumption and waste in UX design.}
}

@article{colak2024,
  author    = {Nergis Colak},
  title     = {Sustainable UX Design: Promoting Behavior through Cognitive Biases},
  journal   = {UX Planet},
  year      = {2024},
  url       = {https://uxplanet.org/sustainable-ux-design-promoting-behavior-through-cognitive-biases-08a30b9807e4},
  note      = {Discusses cognitive biases in sustainable UX, emphasizing environmental impacts and eco-friendly design.}
}

@book{prigogine1984,
  author    = {Ilya Prigogine and Isabelle Stengers},
  title     = {Order Out of Chaos},
  year      = {1984},
  publisher = {Bantam},
  address   = {New York},
  note      = {Inspiration for balancing entropy in UX to promote sustainable order and user control.}
}

@book{lewis1942,
  author    = {C. S. Lewis},
  title     = {The Screwtape Letters},
  year      = {1942},
  publisher = {Geoffrey Bles},
  address   = {London},
  note      = {Provides a counterfoil for moral realism through bundled vices, paralleling UX's bundling of features to mask harm.}
}

@article{adobe2021,
  author    = {{Adobe}},
  title     = {UX Design and Sustainability: What You Need to Know},
  journal   = {Adobe Blog},
  year      = {2021},
  url       = {https://blog.adobe.com/en/publish/2021/09/24/sustainable-ux-design-what-is-it-and-how-can-it-benefit-your-organization},
  note      = {Discusses removing digital touchpoints for sustainability and policy implications like eco-labels.}
}

@book{hurvich1981,
  author    = {Leo M. Hurvich},
  title     = {Color Vision},
  year      = {1981},
  publisher = {Sinauer Associates},
  address   = {Sunderland, MA},
  note      = {Explains opponent-process theory, grounding the ecological significance of the fire spectrum in visual perception.}
}

@article{kaufman1949,
  author    = {E. L. Kaufman and M. W. Lord and T. W. Reese and J. Volkmann},
  title     = {The Discrimination of Visual Number},
  journal   = {The American Journal of Psychology},
  volume    = {62},
  number    = {4},
  year      = {1949},
  pages     = {498--525},
  note      = {Establishes subitizing limits, relevant to cognitive overload in UX design.}
}

@book{bregman1990,
  author    = {Albert S. Bregman},
  title     = {Auditory Scene Analysis: The Perceptual Organization of Sound},
  year      = {1990},
  publisher = {MIT Press},
  address   = {Cambridge, MA},
  note      = {Describes auditory stream segregation, informing limits on sound cue processing in UX.}
}

@article{gallace2006,
  author    = {Alberto Gallace and Hong Z. Tan and Charles Spence},
  title     = {The Body Surface as a Communication System: The State of the Art after 50 Years},
  journal   = {Presence: Teleoperators and Virtual Environments},
  volume    = {16},
  number    = {6},
  year      = {2006},
  pages     = {655--676},
  note      = {Details tactile perception limits, relevant to haptic feedback in UX design.}
}

@article{tversky1983,
  author    = {Amos Tversky and Daniel Kahneman},
  title     = {Extensional versus Intuitive Reasoning: The Conjunction Fallacy in Probability Judgment},
  journal   = {Psychological Review},
  volume    = {90},
  number    = {4},
  year      = {1983},
  pages     = {293--315},
  note      = {Introduces the conjunction fallacy, explaining why detailed interfaces feel trustworthy despite lower probability.}
}

@misc{anderson2014,
  author    = {Monica Anderson},
  title     = {Model-Free Methods},
  year      = {2014},
  howpublished = {\url{https://www.quora.com/What-are-Model-Free-Methods-MFMs-and-how-do-they-work}},
  note      = {Accessed 2025}
}

@misc{sutton2019,
  author    = {Richard S. Sutton},
  title     = {The Bitter Lesson},
  year      = {2019},
  howpublished = {\url{http://www.incompleteideas.net/IncIdeas/BitterLesson.html}},
  note      = {Accessed 2025}
}

@misc{rosa2024,
  author    = {Marek Rosa},
  title     = {Moral Obligations to AI NPCs and Simulation Hypothesis},
  year      = {2024},
  howpublished = {\url{https://blog.marekrosa.org/2024/04/moral-obligations-to-ai-npcs-and/}},
  note      = {Accessed 2025}
}

@book{kirschenbaum2008,
  author    = {Matthew G. Kirschenbaum},
  title     = {Mechanisms: New Media and the Forensic Imagination},
  year      = {2008},
  publisher = {MIT Press},
  address   = {Cambridge, MA},
  note      = {Explores cut/copy/paste as epistemic affordances, critical to understanding digital enclosure.}
}

@book{nelson1980,
  author    = {Ted Nelson},
  title     = {Computer Lib/Dream Machines},
  year      = {1980},
  publisher = {Self-published},
  address   = {Sausalito, CA},
  note      = {Introduces hypertext concepts like transclusion, foundational for open digital navigation.}
}

@book{sellen2001,
  author    = {Abigail J. Sellen and Richard H. R. Harper},
  title     = {The Myth of the Paperless Office},
  year      = {2001},
  publisher = {MIT Press},
  address   = {Cambridge, MA},
  note      = {Highlights the role of affordances like cut/paste in digital workflows, relevant to autonomy.}
}

@article{eysenck1941,
  author    = {Hans J. Eysenck},
  title     = {A Critical and Experimental Study of Colour Preferences},
  journal   = {The American Journal of Psychology},
  volume    = {54},
  number    = {3},
  year      = {1941},
  pages     = {385--394},
  note      = {Early study on color preferences, supporting cultural and psychological bases for fire-spectrum salience.}
}

@article{boynton1987,
  author    = {Robert M. Boynton and Conrad X. Olson},
  title     = {Locating Basic Colors in the OSA Space},
  journal   = {Color Research & Application},
  volume    = {12},
  number    = {2},
  year      = {1987},
  pages     = {94--105},
  note      = {Demonstrates convergence on color naming, grounding ecological baselines for UX semiotics.}
}

@book{kress1996,
  author    = {Gunther Kress and Theo van Leeuwen},
  title     = {Reading Images: The Grammar of Visual Design},
  year      = {1996},
  publisher = {Routledge},
  address   = {London},
  note      = {Analyzes color as a semiotic resource in visual communication, relevant to UX manipulation.}
}

@article{ling2010,
  author    = {Yiwen Ling and Marcel A. J. van Gerven},
  title     = {Cognitive Load Reduces Discriminability of Relevant Visual Information},
  journal   = {Journal of Vision},
  volume    = {10},
  number    = {7},
  year      = {2010},
  pages     = {1--15},
  note      = {Eye-tracking study showing how color saturation increases cognitive load, reducing recognition accuracy.}
}

@misc{morris2025,
  author    = {Jack Morris},
  title     = {There Are No New Ideas in AI{\ldots} Only New Datasets},
  year      = {2025},
  howpublished = {\url{https://jackmorris.substack.com/p/there-are-no-new-ideas-in-ai-only-new-datasets}},
  note      = {Published April 9, 2025. Retrieved August 2025}
}

@inproceedings{deng2009,
  author    = {Jia Deng and Wei Dong and Richard Socher and Li{-}Jia Li and Kai Li and Li Fei{-}Fei},
  title     = {ImageNet: A Large-Scale Hierarchical Image Database},
  booktitle = {Proc. CVPR},
  year      = {2009},
  pages     = {248--255},
  doi       = {10.1109/CVPR.2009.5206848}
}

@inproceedings{vaswani2017,
  author    = {Ashish Vaswani and Noam Shazeer and Niki Parmar and Jakob Uszkoreit and Llion Jones and Aidan N. Gomez and {\L}ukasz Kaiser and Illia Polosukhin},
  title     = {Attention Is All You Need},
  booktitle = {Advances in Neural Information Processing Systems (NeurIPS)},
  year      = {2017},
  pages     = {5998--6008}
}

@inproceedings{christiano2017,
  author    = {Paul F. Christiano and Jan Leike and Tom Brown and Miljan Martic and Shane Legg and Dario Amodei},
  title     = {Deep Reinforcement Learning from Human Preferences},
  booktitle = {Advances in Neural Information Processing Systems (NeurIPS)},
  year      = {2017},
  pages     = {4299--4307}
}

@misc{anderson2006,
  author    = {Monica Anderson},
  title     = {Model-Free Methods},
  year      = {2006},
  howpublished = {\url{https://monicasmind.com/model-free-methods}},
  note      = {Unpublished manuscript and online essays, retrieved 2025}
}

@misc{anderson2007,
  author    = {Monica Anderson},
  title     = {Artificial Intuition and Corpus Curation},
  year      = {2007},
  howpublished = {\url{https://monicasmind.com/artificial-intuition}},
  note      = {Blog posts and public talks on intuition-based AI, retrieved 2025}
}

@misc{anderson2010,
  author    = {Monica Anderson},
  title     = {Epistemology as a Technology: Essays on Model-Free Methods},
  year      = {2010},
  howpublished = {\url{https://monicasmind.com/epistemology}},
  note      = {Collected writings, retrieved 2025}
}

@book{bloom1990,
  author    = {Harold Bloom},
  title     = {The Book of J},
  year      = {1990},
  publisher = {Grove Weidenfeld},
  address   = {New York},
  note      = {Proposes the J-source of the Hebrew Bible as the work of a singular literary intelligence, relevant to retroactive authorship.}
}
