@book{alter2010wisdom,
  author    = {Robert Alter},
  title     = {The Wisdom Books: Job, Proverbs, and Ecclesiastes},
  year      = {2010},
  publisher = {W. W. Norton}
}

@book{clines1989job,
  author    = {David J. A. Clines},
  title     = {Job 21--37},
  year      = {1989},
  publisher = {Word Biblical Commentary, Vol. 18A},
  address   = {Thomas Nelson}
}

@book{kugel2007read,
  author    = {James Kugel},
  title     = {How to Read the Bible: A Guide to Scripture, Then and Now},
  year      = {2007},
  publisher = {Free Press}
}

@book{wright2001impurity,
  author    = {David P. Wright},
  title     = {The Disposal of Impurity: Elimination Rites in the Bible and in Hittite and Mesopotamian Literature},
  year      = {2001},
  publisher = {Scholars Press}
}

@book{alKhwarizmi820algebra,
  author    = {Al-Khwarizmi},
  title     = {Kit{\=a}b al-mukhtaṣar f{\=\i} ḥis{\=a}b al-jabr wa-l-muq{\=a}bala},
  year      = {820},
  note      = {Translated as The Compendious Book on Calculation by Completion and Balancing}
}

@book{rashed2009algebra,
  author    = {Roshdi Rashed},
  title     = {Al-Khwārizmī: The Beginnings of Algebra},
  year      = {2009},
  publisher = {Saqi Books}
}

@book{powers1973perception,
  author    = {William T. Powers},
  title     = {Behavior: The Control of Perception},
  year      = {1973},
  publisher = {Aldine}
}

@article{friston2010freeenergy,
  author  = {Karl Friston},
  title   = {The free-energy principle: a unified brain theory?},
  journal = {Nature Reviews Neuroscience},
  year    = {2010},
  volume  = {11},
  pages   = {127--138}
}

@article{seth2016active,
  author  = {Anil K. Seth and Karl J. Friston},
  title   = {Active interoceptive inference and the emotional brain},
  journal = {Philosophical Transactions of the Royal Society B},
  year    = {2016},
  volume  = {371},
  number  = {1708}
}

@book{baars1988cognitive,
  author    = {Bernard J. Baars},
  title     = {A Cognitive Theory of Consciousness},
  year      = {1988},
  publisher = {Cambridge University Press}
}

@book{dehaene2014consciousness,
  author    = {Stanislas Dehaene},
  title     = {Consciousness and the Brain},
  year      = {2014},
  publisher = {Viking}
}

@book{dennett1991consciousness,
  author    = {Daniel C. Dennett},
  title     = {Consciousness Explained},
  year      = {1991},
  publisher = {Little, Brown}
}

@book{chalmers1996conscious,
  author    = {David J. Chalmers},
  title     = {The Conscious Mind: In Search of a Fundamental Theory},
  year      = {1996},
  publisher = {Oxford University Press}
}

@book{graziano2013social,
  author    = {Michael Graziano},
  title     = {Consciousness and the Social Brain},
  year      = {2013},
  publisher = {Oxford University Press}
}

@article{blum2021ctm,
  author  = {Manuel Blum and Lenore Blum},
  title   = {A Theoretical Computer Science Perspective on Consciousness},
  journal = {Journal of Artificial Intelligence and Consciousness},
  year    = {2021},
  note    = {Preprint available at \url{https://bit.ly/3sUqC7d}}
}

@book{smolin1997cosmos,
  author    = {Lee Smolin},
  title     = {The Life of the Cosmos},
  year      = {1997},
  publisher = {Oxford University Press}
}

@incollection{wheeler1977genesis,
  author    = {John A. Wheeler},
  title     = {Genesis and Observership},
  booktitle = {Foundational Problems in the Special Sciences},
  year      = {1977},
  publisher = {Reidel}
}

@article{jacobson1995thermo,
  author  = {Ted Jacobson},
  title   = {Thermodynamics of Spacetime: The Einstein Equation of State},
  journal = {Physical Review Letters},
  year    = {1995},
  volume  = {75},
  number  = {7},
  pages   = {1260--1263}
}

@article{verlinde2011origin,
  author  = {Erik Verlinde},
  title   = {On the Origin of Gravity and the Laws of Newton},
  journal = {Journal of High Energy Physics},
  year    = {2011},
  volume  = {2011},
  number  = {4},
  pages   = {29}
}

@article{tsallis1988nonextensive,
  author  = {Constantino Tsallis},
  title   = {Possible generalization of Boltzmann--Gibbs statistics},
  journal = {Journal of Statistical Physics},
  year    = {1988},
  volume  = {52},
  pages   = {479--487}
}

@book{maclane1998categories,
  author    = {Saunders Mac Lane},
  title     = {Categories for the Working Mathematician},
  edition   = {2},
  year      = {1998},
  publisher = {Springer}
}

@book{awodey2010category,
  author    = {Steve Awodey},
  title     = {Category Theory},
  year      = {2010},
  publisher = {Oxford University Press}
}

@book{sipser2013tcs,
  author    = {Michael Sipser},
  title     = {Introduction to the Theory of Computation},
  edition   = {3},
  year      = {2013},
  publisher = {Cengage}
}

@book{gough2024egg,
  author    = {Julian Gough},
  title     = {The Egg and the Rock Project},
  year      = {2024},
  url       = {https://theeggandtherock.com},
  note      = {Ongoing online project exploring cosmological evolution and complexity}
}

@misc{gough2025podcast,
  author    = {Julian Gough},
  title     = {Cosmological Natural Selection and the Universe's Evolution},
  year      = {2025},
  howpublished = {Podcast interview, The Do Better Podcast},
  url       = {https://www.thendobetter.com/arts/2024/9/20/julian-gough-minecraft-end-poem-evolution-of-the-universe-being-creative-podcast}
}

@article{fields2021info,
  author  = {Christopher A. Fields},
  title   = {Information and Physics: Scale-Free Approaches},
  journal = {Nature Communications},
  volume  = {12},
  pages   = {5783},
  year    = {2021},
  doi     = {10.1038/s41467-021-26029-4}
}

@misc{fields2023chapter13,
  author    = {Christopher A. Fields},
  title     = {Object Individuation and Information in Physics and Biology},
  year      = {2023},
  howpublished = {Book chapter draft, available at author's site},
  url       = {https://chrisfieldsresearch.com/Chapter-13-Fields.pdf}
}

@misc{levin2022cognition,
  author    = {Michael Levin},
  title     = {Cognition All the Way Down},
  year      = {2022},
  howpublished = {Essay, Aeon},
  url       = {https://aeon.co/essays/cognition-all-the-way-down}
}

@book{smolin1997cosmosLife,
  author    = {Lee Smolin},
  title     = {The Life of the Cosmos},
  year      = {1997},
  publisher = {Oxford University Press}
}

@inproceedings{wheeler1977observer,
  author    = {John A. Wheeler},
  title     = {Genesis and Observership},
  booktitle = {Foundational Problems in the Special Sciences},
  year      = {1977},
  publisher = {Reidel},
  pages     = {153--168}
}

@article{carr2009multiverse,
  author    = {Bernard Carr},
  title     = {Universe or Multiverse?},
  journal   = {Cambridge University Press},
  year      = {2009},
  note      = {Edited volume on fine-tuning, cosmology, and selection hypotheses}
}

@article{nasa2015cosmosculture,
  author    = {National Aeronautics and Space Administration (NASA)},
  title     = {Cosmos and Culture: Cultural Evolution in a Cosmic Context},
  journal   = {NASA History Series},
  year      = {2015},
  url       = {https://www.nasa.gov/wp-content/uploads/2015/01/607104main_cosmosculture-ebook.pdf}
}

@misc{jwst2023early,
  author    = {NASA James Webb Space Telescope Team},
  title     = {Early Galaxy and Black Hole Formation Results},
  year      = {2023},
  howpublished = {Press release and early science reports},
  url       = {https://jwst.nasa.gov}
}

@article{roderick2016analogy,
  author  = {Ian Roderick},
  title   = {The Being of Analogy},
  journal = {Open Humanities Press},
  year    = {2016},
  url     = {http://openhumanitiespress.org/books/download/Roderick_2016_The-Being-of-Analogy.pdf}
}

@book{dennett1991consciousness,
  title = {Consciousness Explained},
  author = {Dennett, Daniel C.},
  year = {1991},
  publisher = {Little, Brown and Company}
}

@book{crick1994astonishing,
  title = {The Astonishing Hypothesis: The Scientific Search for the Soul},
  author = {Crick, Francis},
  year = {1994},
  publisher = {Charles Scribner's Sons}
}

@book{chalmers1996conscious,
  title = {The Conscious Mind: In Search of a Fundamental Theory},
  author = {Chalmers, David J.},
  year = {1996},
  publisher = {Oxford University Press}
}

@book{baars1988cognitive,
  title = {A Cognitive Theory of Consciousness},
  author = {Baars, Bernard J.},
  year = {1988},
  publisher = {Cambridge University Press}
}

@book{mallat2008wavelet,
  title = {A Wavelet Tour of Signal Processing},
  author = {Mallat, Stéphane},
  year = {2008},
  edition = {3},
  publisher = {Academic Press}
}

@book{daubechies1992ten,
  title = {Ten Lectures on Wavelets},
  author = {Daubechies, Ingrid},
  year = {1992},
  publisher = {SIAM}
}

@misc{wiktionaryIqra,
  title = {أقرأ},
  howpublished = {Wiktionary: The Free Dictionary},
  year = {2025},
  url = {https://en.wiktionary.org/wiki/أقرأ},
  note = {Etymology and semantic analysis of the Arabic root q-r-ʔ}
}

@misc{bibleJob,
  title = {Job 31:33},
  note = {Hebrew Bible / Old Testament},
  publisher = {Various translations}
}

@misc{bibleGenesis,
  title = {Genesis 39, 41},
  note = {Hebrew Bible / Old Testament},
  publisher = {Various translations}
}

@misc{bibleJudges,
  title = {Judges 16},
  note = {Hebrew Bible / Old Testament},
  publisher = {Various translations}
}

@misc{bibleMark,
  title = {Mark 14:51-52},
  note = {New Testament},
  publisher = {Various translations}
}

@misc{bibleSower,
  title = {Parable of the Sower},
  note = {Matthew 13:1-23, Mark 4:1-20, Luke 8:4-15},
  publisher = {Various translations}
}