@article{vaswani2017attention,
  author  = {Ashish Vaswani and Noam Shazeer and Niki Parmar and Jakob Uszokoreit and Llion Jones and Aidan N. Gomez and Łukasz Kaiser and Illia Polosukhin},
  title   = {Attention is All You Need},
  journal = {Advances in Neural Information Processing Systems},
  volume  = {30},
  year    = {2017}
}

@book{penrose1989road,
  author    = {Roger Penrose},
  title     = {The Road to Reality: A Complete Guide to the Laws of the Universe},
  publisher = {Jonathan Cape},
  address   = {London},
  year      = {1989}
}

@book{hebb1949organization,
  author    = {Donald O. Hebb},
  title     = {The Organization of Behavior: A Neuropsychological Theory},
  publisher = {Wiley},
  address   = {New York},
  year      = {1949}
}

@article{friston2010free,
  author  = {Karl Friston},
  title   = {The Free-Energy Principle: A Unified Brain Theory?},
  journal = {Nature Reviews Neuroscience},
  volume  = {11},
  number  = {2},
  pages   = {127--138},
  year    = {2010}
}

@misc{semantic2025,
  author  = {Flyxion},
  title   = {Semantic Infrastructure: Entropy-Respecting Computation in a Modular Universe},
  year    = {2025},
  month   = {August}
}

@book{lurie2009higher,
  author    = {Jacob Lurie},
  title     = {Higher Topos Theory},
  publisher = {Princeton University Press},
  address   = {Princeton, NJ},
  year      = {2009}
}

@article{mcclelland1995why,
  author  = {James L. McClelland and Bruce L. McNaughton and Randall C. O'Reilly},
  title   = {Why There Are Complementary Learning Systems in the Hippocampus and Neocortex: Insights from the Successes and Failures of Connectionist Models of Learning and Memory},
  journal = {Psychological Review},
  volume  = {102},
  number  = {3},
  pages   = {419--457},
  year    = {1995}
}

@article{hassabis2007patients,
  author  = {Demis Hassabis and Eleanor A. Maguire},
  title   = {Patients with Hippocampal Amnesia Cannot Imagine New Experiences},
  journal = {Proceedings of the National Academy of Sciences},
  volume  = {104},
  number  = {5},
  pages   = {1726--1731},
  year    = {2007}
}

@article{stickgold2005sleep,
  author  = {Robert Stickgold and Matthew P. Walker},
  title   = {Sleep and Memory: The Ongoing Debate},
  journal = {Sleep},
  volume  = {28},
  number  = {10},
  pages   = {1225--1227},
  year    = {2005}
}

@article{hopfield1982neural,
  author  = {John J. Hopfield},
  title   = {Neural Networks and Physical Systems with Emergent Collective Computational Abilities},
  journal = {Proceedings of the National Academy of Sciences},
  volume  = {79},
  number  = {8},
  pages   = {2554--2558},
  year    = {1982}
}

@book{amari1977dynamics,
  author    = {Shun-ichi Amari},
  title     = {Dynamics of Pattern Formation in Lateral-Inhibition Type Neural Fields},
  publisher = {Springer},
  address   = {Berlin},
  year      = {1977}
}

@book{sutton2018reinforcement,
  author    = {Richard S. Sutton and Andrew G. Barto},
  title     = {Reinforcement Learning: An Introduction},
  publisher = {MIT Press},
  address   = {Cambridge, MA},
  year      = {2018}
}

@misc{kuijper2021geometric,
  author  = {Wouter Kuijper},
  title   = {Geometric Memory Management},
  year    = {2021},
  howpublished = {arXiv:1512.09358v3 [cs.DS]},
  note = {Draft Version, March 14}
}

@book{weinberg2008cosmology,
  author    = {Steven Weinberg},
  title     = {Cosmology},
  publisher = {Oxford University Press},
  address   = {Oxford},
  year      = {2008}
}

@article{oliver2017hippocampal,
  author  = {Mark C. W. Oliver and others},
  title   = {Hippocampal Replay: Linking Systems and Behavioral Neuroscience},
  journal = {Cold Spring Harbor Perspectives in Biology},
  volume  = {9},
  number  = {12},
  pages   = {a021725},
  year    = {2017}
}

@article{edelman1998representation,
  author  = {Shimon Edelman and Michael J. Intrator and Tal Tishby and others},
  title   = {Representational Geometry: Integrating Cognition, Computation, and the Brain},
  journal = {Trends in Cognitive Sciences},
  volume  = {17},
  number  = {7},
  pages   = {333--343},
  year    = {2013}
}

@article{ritter2023generative,
  author  = {Samuel Ritter and others},
  title   = {A Generative Model of Memory Construction and Consolidation},
  journal = {Nature Human Behaviour},
  volume  = {7},
  pages   = {1495--1507},
  year    = {2023}
}

@article{kirkpatrick2017overcoming,
  author  = {James Kirkpatrick and others},
  title   = {Overcoming Catastrophic Forgetting in Neural Networks},
  journal = {Proceedings of the National Academy of Sciences},
  volume  = {114},
  number  = {13},
  pages   = {3521--3526},
  year    = {2017}
}

@article{heusser2018geometric,
  author  = {Aidan C. Heusser and Vanessa M. R. Fernández and Jeremy R. Manning},
  title   = {Geometric Models Reveal Behavioural and Neural Signatures of Transforming Experiences into Memories},
  journal = {Nature Human Behaviour},
  volume  = {2},
  pages   = {166--178},
  year    = {2018}
}

@article{devlin2019bert,
  author  = {Jacob Devlin and Ming-Wei Chang and Kenton Lee and Kristina Toutanova},
  title   = {BERT: Pre-training of Deep Bidirectional Transformers for Language Understanding},
  journal = {arXiv preprint arXiv:1810.04805},
  year    = {2019}
}

@article{bai2023longbench,
  author  = {Yizhong Wang and others},
  title   = {LongBench: A Bilingual, Long-Context Benchmark for LLMs},
  journal = {arXiv preprint arXiv:2308.14508},
  year    = {2023}
}
