@book{Barbour1999,
  title = {The End of Time: The Next Revolution in Physics},
  author = {Barbour, J.},
  publisher = {Oxford University Press},
  year = {1999}
}

@article{Barbour2014,
  title = {Identification of a gravitational arrow of time},
  author = {Barbour, J. and Koslowski, T. and Mercati, F.},
  journal = {Physical Review Letters},
  volume = {113},
  number = {18},
  pages = {181101},
  year = {2014}
}

@book{MacLane1992,
  title = {Sheaves in Geometry and Logic: A First Introduction to Topos Theory},
  author = {Mac Lane, S. and Moerdijk, I.},
  publisher = {Springer},
  year = {1992}
}

@book{Awodey2010,
  title = {Category Theory},
  author = {Awodey, S.},
  publisher = {Oxford University Press},
  edition = {2nd},
  year = {2010}
}

@incollection{Isham2003,
  title = {Topos methods in the foundations of physics},
  author = {Isham, C. J.},
  booktitle = {Lecture Notes in Physics},
  volume = {633},
  pages = {59--97},
  year = {2003},
  publisher = {Springer}
}

@article{Baas2015,
  title = {Higher order structures and causality},
  author = {Baas, N. A.},
  journal = {Axiomathes},
  volume = {25},
  number = {3},
  pages = {325--352},
  year = {2015}
}

@article{Catren2013,
  title = {On the relation between gauge and phase symmetries},
  author = {Catren, G.},
  journal = {Studies in History and Philosophy of Modern Physics},
  volume = {44},
  number = {5},
  pages = {454--465},
  year = {2013}
}

@misc{Petersen2020,
  title = {Categorical foundations for physics â€” I},
  author = {Petersen, A. and Baez, J. C.},
  year = {2020},
  howpublished = {\url{https://arxiv.org/abs/2003.05847}}
}

@book{Prigogine1997,
  title = {The End of Certainty: Time, Chaos, and the New Laws of Nature},
  author = {Prigogine, I.},
  publisher = {The Free Press},
  year = {1997}
}

@article{Jaynes1957,
  title = {Information theory and statistical mechanics},
  author = {Jaynes, E. T.},
  journal = {Physical Review},
  volume = {106},
  number = {4},
  pages = {620--630},
  year = {1957}
}

@article{Baez2010,
  title = {Higher-dimensional algebra VII: Groupoidification},
  author = {Baez, J. C. and Hoffnung, A. E. and Walker, C. D.},
  journal = {Theory and Applications of Categories},
  volume = {24},
  pages = {489--553},
  year = {2010}
}

@article{Ellis2012,
  title = {The arrow of time and the nature of spacetime},
  author = {Ellis, G. F. R.},
  journal = {Studies in History and Philosophy of Modern Physics},
  volume = {44},
  number = {3},
  pages = {242--262},
  year = {2012}
}

@book{Rovelli2015,
  title = {Seven Brief Lessons on Physics},
  author = {Rovelli, C.},
  publisher = {Allen Lane},
  year = {2015}
}
