@article{colak2024,
  author = {Colak, Nergis},
  title = {Sustainable UX Design: Promoting Behavior through Cognitive Biases},
  journal = {UX Planet},
  year = {2024},
  url = {https://uxplanet.org/sustainable-ux-design-promoting-behavior-through-cognitive-biases-08a30b9807e4},
  note = {Discusses cognitive biases in sustainable UX, emphasizing environmental impacts and the need for eco-friendly design, relevant to countering overconsumption.}
}

@article{designlab2024,
  author = {{Designlab}},
  title = {Sustainable UX Design: Principles and Practices for Eco-Friendly Digital Products},
  journal = {Designlab Blog},
  year = {2024},
  url = {https://designlab.com/blog/sustainable-ux-principles},
  note = {Outlines principles like efficiency and lifecycle thinking to reduce energy consumption and waste in UX design, applicable to mitigating enshittification.}
}

@article{extentia2024,
  author = {{Extentia}},
  title = {Unlocking Sustainable UX Design: Key Principles, Components and Importance},
  journal = {Extentia Blog},
  year = {2024},
  url = {https://www.extentia.com/unlocking-sustainable-ux-design-key-principles-components-and-importance/},
  note = {Emphasizes streamlining digital production to minimize data and energy use, relevant to reducing app-driven waste.}
}

@article{adobe2021,
  author = {{Adobe}},
  title = {UX Design \& Sustainability: What You Need to Know},
  journal = {Adobe Blog},
  year = {2021},
  url = {https://blog.adobe.com/en/publish/2021/09/24/sustainable-ux-design-what-is-it-and-how-can-it-benefit-your-organization},
  note = {Discusses removing digital touchpoints for sustainability and policy implications like eco-labels, supporting regulatory solutions.}
}

@misc{norman1988,
  author = {Norman, Don},
  title = {The Design of Everyday Things},
  year = {1988},
  publisher = {Basic Books},
  note = {Foundational text on user-centered design, critiqued for overlooking ecological and social costs like enshittification.}
}

@misc{doctorow2022,
  author = {Doctorow, Cory},
  title = {The Enshittification of Everything},
  year = {2022},
  howpublished = {\url{https://doctorow.medium.com/the-enshittification-of-everything-1f8a248d5b8a}},
  note = {Introduces enshittification, where platforms degrade user experience for profit, central to the critique of app-driven control and loss of multidimensional dialogue.}
}

@misc{toronto2025,
  author = {},
  title = {Toronto Truck Rental Anecdote},
  year = {2025},
  note = {Adapted to illustrate wasteful behaviors in user-friendly logistics apps, paralleling enshittification.}
}

@misc{water2025,
  author = {},
  title = {Global Water Shipments},
  year = {2025},
  note = {Adapted to represent overconsumption in e-commerce enabled by seamless UX and app restrictions.}
}

@article{barandes2023,
  author = {Barandes, Jacob},
  title = {Unistochastic Quantum Theory},
  year = {2023},
  note = {Conceptual parallel for probabilistic models in sustainable UX metrics, including autonomy.}
}

@article{prigogine1984,
  author = {Prigogine, Ilya},
  title = {Order Out of Chaos},
  year = {1984},
  publisher = {Bantam},
  note = {Inspiration for balancing entropy in UX to promote sustainable order and user control.}
}

@article{shannon1948,
  author = {Shannon, Claude},
  title = {A Mathematical Theory of Communication},
  year = {1948},
  journal = {Bell System Technical Journal},
  note = {Basis for entropy metrics in evaluating UX efficiency and overconsumption.}
}

@book{lewis1942,
  author = {Lewis, C. S.},
  title = {The Screwtape Letters},
  year = {1942},
  publisher = {Geoffrey Bles},
  note = {Provides a counterfoil for moral realism through bundled vices, paralleling UX's bundling of features to mask harm.}
}

@article{hurvich1981,
  author = {Hurvich, Leo M.},
  title = {Color Vision},
  year = {1981},
  publisher = {Sinauer Associates},
  note = {Explains opponent-process theory, grounding the ecological significance of the fire spectrum in visual perception.}
}

@article{kaufman1949,
  author = {Kaufman, E. L. and Lord, M. W. and Reese, T. W. and Volkmann, J.},
  title = {The Discrimination of Visual Number},
  journal = {The American Journal of Psychology},
  volume = {62},
  number = {4},
  year = {1949},
  pages = {498--525},
  note = {Establishes subitizing limits, relevant to cognitive overload in UX design.}
}

@book{bregman1990,
  author = {Bregman, Albert S.},
  title = {Auditory Scene Analysis: The Perceptual Organization of Sound},
  year = {1990},
  publisher = {MIT Press},
  note = {Describes auditory stream segregation, informing limits on sound cue processing in UX.}
}

@article{gallace2006,
  author = {Gallace, Alberto and Tan, Hong Z. and Spence, Charles},
  title = {The Body Surface as a Communication System: The State of the Art after 50 Years},
  journal = {Presence: Teleoperators and Virtual Environments},
  volume = {16},
  number = {6},
  year = {2006},
  pages = {655--676},
  note = {Details tactile perception limits, relevant to haptic feedback in UX design.}
}

@article{tversky1983,
  author = {Tversky, Amos and Kahneman, Daniel},
  title = {Extensional versus Intuitive Reasoning: The Conjunction Fallacy in Probability Judgment},
  journal = {Psychological Review},
  volume = {90},
  number = {4},
  year = {1983},
  pages = {293--315},
  note = {Introduces the conjunction fallacy, explaining why detailed interfaces feel trustworthy despite lower probability.}
}
