%%% === PREBIOTIC COGNITION AND MINERAL EVOLUTION ===

@article{Hazen2008MineralEvolution,
  author       = {Hazen, Robert M. and Papineau, Dominic and Bleeker, Wim and Downs, Robert T. and Dubois, Charles and Frei, Robert and McCoy, Timothy J. and O’Neil, James and Schreiber, Michael E. and Sverjensky, Dimitri A. and Yang, Hailiang},
  title        = {Mineral Evolution},
  journal      = {American Mineralogist},
  volume       = {93},
  number       = {11--12},
  pages        = {1693--1720},
  year         = {2008},
  doi          = {10.2138/am.2008.2955}
}

@article{Hazen2010EvolutionMinerals,
  author       = {Hazen, Robert M.},
  title        = {The Evolution of Minerals},
  journal      = {Scientific American},
  volume       = {302},
  number       = {2},
  pages        = {38--45},
  year         = {2010}
}

@book{Kauffman1993OriginsOfOrder,
  author       = {Kauffman, Stuart A.},
  title        = {The Origins of Order: Self-Organization and Selection in Evolution},
  publisher    = {Oxford University Press},
  address      = {New York},
  year         = {1993}
}

@article{Kauffman1986AutocatalyticSets,
  author       = {Kauffman, Stuart A.},
  title        = {Autocatalytic Sets of Proteins},
  journal      = {Journal of Theoretical Biology},
  volume       = {119},
  number       = {1},
  pages        = {1--24},
  year         = {1986}
}

@article{HordijkSteel2012RAF,
  author       = {Hordijk, Wim and Steel, Mike},
  title        = {Autocatalytic Sets and the Origin of Life},
  journal      = {Entropy},
  volume       = {14},
  number       = {9},
  pages        = {1733--1742},
  year         = {2012}
}

@article{Eigen1971Selforganization,
  author       = {Eigen, Manfred and Schuster, Peter},
  title        = {The Hypercycle: A Principle of Natural Self-Organization},
  journal      = {Naturwissenschaften},
  volume       = {58},
  pages        = {465--523},
  year         = {1971}
}

@book{Eigen1979HypercycleBook,
  author       = {Eigen, Manfred and Schuster, Peter},
  title        = {The Hypercycle: A Principle of Natural Self-Organization},
  publisher    = {Springer},
  address      = {Berlin},
  year         = {1979}
}

@book{Schrodinger1944WhatIsLife,
  author       = {Schrödinger, Erwin},
  title        = {What is Life? The Physical Aspect of the Living Cell},
  publisher    = {Cambridge University Press},
  address      = {Cambridge},
  year         = {1944}
}

@book{Ganti2003Chemoton,
  author       = {Gánti, Tibor},
  title        = {The Principles of Life},
  publisher    = {Oxford University Press},
  year         = {2003}
}

@article{LincolnJoyce2009SelfSustainedReplication,
  author       = {Lincoln, T. A. and Joyce, G. F.},
  title        = {Self-sustained replication of an RNA enzyme},
  journal      = {Science},
  volume       = {323},
  number       = {5918},
  pages        = {1229--1232},
  year         = {2009}
}

%%% === SUPERORGANISMS AND DISTRIBUTED BIOLOGICAL COGNITION ===

@book{Seeley2010HoneybeeDemocracy,
  author       = {Seeley, Thomas D.},
  title        = {Honeybee Democracy},
  publisher    = {Princeton University Press},
  year         = {2010}
}

@book{Gordon2010AntEncounters,
  author       = {Gordon, Deborah M.},
  title        = {Ant Encounters: Interaction Networks and Colony Behavior},
  publisher    = {Princeton University Press},
  year         = {2010}
}

@book{HolldoblerWilson2009Superorganism,
  author       = {Hölldobler, Bert and Wilson, Edward O.},
  title        = {The Superorganism: The Beauty, Elegance, and Strangeness of Insect Societies},
  publisher    = {W. W. Norton},
  year         = {2009}
}

@book{Camazine2001SelfOrganizationBiologicalSystems,
  author       = {Camazine, Scott and Deneubourg, Jean-Louis and Franks, Nigel R. and Sneyd, James and Theraulaz, Guy and Bonabeau, Eric},
  title        = {Self-Organization in Biological Systems},
  publisher    = {Princeton University Press},
  year         = {2001}
}

%%% === INSTITUTIONAL COGNITION AND ORGANIZATIONAL THEORY ===

@book{Hutchins1995CognitionInTheWild,
  author       = {Hutchins, Edwin},
  title        = {Cognition in the Wild},
  publisher    = {MIT Press},
  address      = {Cambridge, MA},
  year         = {1995}
}

@book{MarchSimon1958Organizations,
  author       = {March, James G. and Simon, Herbert A.},
  title        = {Organizations},
  publisher    = {Wiley},
  address      = {New York},
  year         = {1958}
}

@book{Weick1979SocialPsychOrganization,
  author       = {Weick, Karl E.},
  title        = {The Social Psychology of Organizing},
  edition      = {2nd},
  publisher    = {Addison-Wesley},
  address      = {Reading, MA},
  year         = {1979}
}

@book{Beer1979BrainOfFirm,
  author       = {Beer, Stafford},
  title        = {The Heart of Enterprise},
  publisher    = {Wiley},
  year         = {1979}
}

@book{Ashby1956DesignBrain,
  author       = {Ashby, W. Ross},
  title        = {Design for a Brain: The Origin of Adaptive Behavior},
  publisher    = {Chapman and Hall},
  year         = {1956}
}

@article{Simon1962ArchitectureComplexity,
  author       = {Simon, Herbert A.},
  title        = {The Architecture of Complexity},
  journal      = {Proceedings of the American Philosophical Society},
  volume       = {106},
  pages        = {467--482},
  year         = {1962}
}

@article{TsoukasChia2002OrganizationalBecoming,
  author       = {Tsoukas, Haridimos and Chia, Robert},
  title        = {On Organizational Becoming: Rethinking Organizational Change},
  journal      = {Organization Science},
  volume       = {13},
  number       = {5},
  pages        = {567--582},
  year         = {2002}
}

%%% === PREDICTIVE CODING, THERMODYNAMICS, AND INFORMATION THEORY ===

@article{Friston2010FreeEnergyPrinciple,
  author       = {Friston, Karl},
  title        = {The Free-Energy Principle: A Unified Brain Theory?},
  journal      = {Nature Reviews Neuroscience},
  volume       = {11},
  number       = {2},
  pages        = {127--138},
  year         = {2010}
}

@article{Friston2013LifeAsWeKnowIt,
  author       = {Friston, Karl and Stephan, Klaas and Montague, Read and Dolan, Raymond},
  title        = {Free Energy and the Brain: Life as We Know It},
  journal      = {Philosophical Transactions of the Royal Society B},
  volume       = {370},
  year         = {2013},
  doi          = {10.1098/rstb.2013.0197}
}

@book{Morowitz1968EnergyFlowBiology,
  author       = {Morowitz, Harold J.},
  title        = {Energy Flow in Biology},
  publisher    = {Academic Press},
  year         = {1968}
}

@book{Prigogine1977SelfOrganizationNonequilibrium,
  author       = {Prigogine, Ilya and Stengers, Isabelle},
  title        = {Self-Organization in Nonequilibrium Systems},
  publisher    = {Wiley},
  address      = {New York},
  year         = {1977}
}

@book{Bateson1972StepsToAnEcologyOfMind,
  author       = {Bateson, Gregory},
  title        = {Steps to an Ecology of Mind},
  publisher    = {University of Chicago Press},
  year         = {1972}
}

@book{Lotka1922PhysicalBiology,
  author       = {Lotka, Alfred J.},
  title        = {Elements of Physical Biology},
  publisher    = {Williams \& Wilkins},
  year         = {1922}
}

%%% === SYSTEMS AND COGNITIVE CONTINUITY ===

@book{MaturanaVarela1980Autopoiesis,
  author       = {Maturana, Humberto R. and Varela, Francisco J.},
  title        = {Autopoiesis and Cognition: The Realization of the Living},
  publisher    = {Reidel},
  address      = {Dordrecht},
  year         = {1980}
}

@book{VarelaThompsonRosch1991EmbodiedMind,
  author       = {Varela, Francisco J. and Thompson, Evan and Rosch, Eleanor},
  title        = {The Embodied Mind: Cognitive Science and Human Experience},
  publisher    = {MIT Press},
  address      = {Cambridge, MA},
  year         = {1991}
}

@book{Deacon2011IncompleteNature,
  author       = {Deacon, Terrence W.},
  title        = {Incomplete Nature: How Mind Emerged from Matter},
  publisher    = {W. W. Norton},
  year         = {2011}
}

%%% === RECENT WORKS ON ACTIVE INFERENCE AND SOCIAL SYSTEMS (2015–2024) ===

@article{Ramstead2016CulturalAffordances,
  author       = {Ramstead, Maxwell J. D. and Veissière, Samuel P. L. and Kirmayer, Laurence J.},
  title        = {Cultural affordances: Scaffolding local worlds through shared intentionality and regimes of attention},
  journal      = {Frontiers in Psychology},
  volume       = {7},
  pages        = {1090},
  year         = {2016},
  doi          = {10.3389/fpsyg.2016.01090}
}

@article{Hesp2021DeeplyFeltAffect,
  author       = {Hesp, Casper and Ramstead, Maxwell and Constant, Axel and Badcock, Paul and Kirchhoff, Michael and Friston, Karl},
  title        = {A multi-scale view of the emergent complexity of life: A free-energy principle for integrative social science?},
  journal      = {Journal of Theoretical Biology},
  volume       = {510},
  pages        = {110527},
  year         = {2021},
  doi          = {10.1016/j.jtbi.2020.110527}
}

@article{Fox2021AccessingActiveInference,
  author       = {Fox, Stephen},
  title        = {Accessing Active Inference Theory through Its Implicit and Deliberative Practice in Human Organizations},
  journal      = {Entropy},
  volume       = {23},
  number       = {11},
  pages        = {1521},
  year         = {2021},
  doi          = {10.3390/e23111521}
}

@article{Vasileiou2023ArousalCoherence,
  author       = {Vasileiou, Spyridon L. and Dimitriadis, Stavros I. and Friston, Karl J.},
  title        = {Arousal coherence, uncertainty, and well-being: an active inference account},
  journal      = {Neuroscience of Consciousness},
  volume       = {2024},
  number       = {1},
  pages        = {niae011},
  year         = {2024},
  doi          = {10.1093/nc/niae011}
}

@article{Smith2023FeelingOurPlace,
  author       = {Smith, Ryan and Kaszniak, Alfred W. and Lane, Richard D.},
  title        = {Feeling our place in the world: an active inference account of self-esteem},
  journal      = {Neuroscience of Consciousness},
  volume       = {2024},
  number       = {1},
  pages        = {niae007},
  year         = {2024},
  doi          = {10.1093/nc/niae007}
}

@article{Ramstead2024NarrativeActiveInference,
  author       = {Ramstead, Maxwell J. D. and Veissière, Samuel P. L. and Friston, Karl J. and Kirmayer, Laurence J.},
  title        = {Narrative as active inference: an integrative account of cognitive and social functions in adaptation},
  journal      = {Frontiers in Psychology},
  volume       = {15},
  year         = {2024},
  doi          = {10.3389/fpsyg.2024.1345480}
}

@article{Palacios2020ActiveInferenceSocial,
  author       = {Palacios, Eduardo R. and Razi, Adeel and Parr, Thomas and Kirchhoff, Michael and Friston, Karl},
  title        = {On Markov blankets and hierarchical self-organisation},
  journal      = {Journal of Theoretical Biology},
  volume       = {486},
  pages        = {110089},
  year         = {2020},
  doi          = {10.1016/j.jtbi.2019.110089}
}

@article{Constant2021EnactiveDynamicSocial,
  author       = {Constant, Axel and Clark, Andy and Kirchhoff, Michael D. and Friston, Karl J.},
  title        = {Extended active inference: Constructing predictive cognition beyond skulls},
  journal      = {Mind \& Language},
  volume       = {37},
  number       = {3},
  pages        = {373--394},
  year         = {2022},
  doi          = {10.1111/mila.12330}
}

@article{Albarracin2022FromGenerativeModels,
  author       = {Albarracin, Mahault and Constant, Axel and Friston, Karl J. and Ramstead, Maxwell J. D.},
  title        = {From generative models to generative societies: Towards a theoretical framework for social processes},
  journal      = {PsyArXiv},
  year         = {2022},
  doi          = {10.31234/osf.io/8k6w5}
}

@article{Hipolito2023EnactiveDynamicSocial,
  author       = {Hipólito, Inês and van Es, Thomas and Constant, Axel and Kirchhoff, Michael and Friston, Karl},
  title        = {Enactive-dynamic social cognition and active inference},
  journal      = {Frontiers in Psychology},
  volume       = {13},
  pages        = {855074},
  year         = {2022},
  doi          = {10.3389/fpsyg.2022.855074}
}

